3075 4775
351 565 394 632 Ἡ)
498 585 503 594 ,
554 565 713 635 Disputstio
732 567 841 634 lipsius
859 566 955 620 nubit»
974 581 998 618 e
1019 564 1078 617 xlx

353 773 408 814 sus
440 751 615 833 superbiam
638 753 834 814 Putrisrchce
855 751 1194 832 Ocnstsutincpclitcui
1228 753 1274 812 in-

304 903 307 920 ,
353 838 518 917 iungeret,
551 855 641 914 quam
665 836 747 915 quod
770 837 908 915 suspicio
929 837 1073 896 eluticnis
1094 843 1148 896 sut
1169 854 1273 915 super

353 920 423 982 bisc
444 919 484 999 de
507 937 545 980 eo
567 919 739 980 haberetur.
777 919 867 980 Unde
898 922 991 983 etism
1014 919 1142 980 Seruum
1172 938 1275 980 servo-

352 1023 418 1064 rum
440 1023 474 1064 se
496 1003 609 1082 primus
633 1002 762 1082 scripsit.
786 1003 826 1064 Et
848 1005 931 1082 quud
952 1003 1013 1063 hcc
1035 1005 1075 1063 sit
1094 1023 1219 1080 verum,
1248 1004 1275 1062 si

353 1093 414 1148 tum
447 1086 579 1167 diligens
614 1091 661 1146 est
687 1085 849 1147 reverend.
880 1088 971 1148 Peter
996 1086 1139 1167 Gregorii
1166 1088 1275 1164 lector,

352 1171 453 1250 potnit
473 1170 504 1231 in
527 1168 664 1229 eiusdem
685 1169 827 1248 Epistola
848 1171 954 1252 legere
984 1171 1080 1237 (sicut
1100 1171 1274 1250 transponi-

353 1255 452 1314 turin
474 1254 595 1313 Decret.
620 1272 685 1312 cun.
699 1254 727 1314 2.
751 1272 780 1330 q.
804 1254 833 1316 6.
856 1254 894 1315 de
916 1261 1047 1326 cetero),
1071 1253 1273 1333 ubipctestnr

352 1337 391 1398 tis
412 1355 487 1397 sune
509 1354 628 1402 uremur
650 1335 837 1397 humillimus
849 1338 940 1399 Pster
957 1337 1133 1398 divitiarum
1155 1344 1187 1397 et
1208 1337 1275 1417 glo·

352 1421 416 1480 ricc
438 1426 635 1498 contemptor
665 1418 786 1479 scribit:
820 1421 1113 1500 Alics'episccpcs„
1141 1425 1275 1498 prseter-

343 1515 445 1581 *quum
466 1504 661 1575 Romanurn,
693 1504 724 1562 in
751 1508 872 1582 partem
898 1510 1028 1565 vocatus
1047 1503 1275 1579 sollicitudinis,

352 1593 419 1648 ncn'
439 1589 469 1646 in
493 1585 716 1664 plenitudinem
739 1589 913 1665 potestatis.
949 1588 1049 1647 Nemo
1071 1593 1127 1665 est,
1151 1588 1202 1665 qni
1225 1587 1276 1646 hic

353 1669 493 1730 dubitare
508 1669 617 1748 possit,
640 1671 725 1746 quin
735 1669 862 1750 reliquis
871 1673 1029 1750 episcopis
1042 1676 1171 1749 partem,
1184 1669 1275 1730 Rom.

353 1771 427 1812 verc
452 1751 592 1813 Pontifici
627 1751 851 1831 plenitudinem
884 1774 924 1814 ex
954 1754 1156 1834 grammatico
1182 1772 1275 1812 sensu

194 1857 196 1864 ’
257 1839 260 1844 ’
354 1835 427 1896 dure
448 1835 533 1895 velit.
562 1834 608 1896 Ob
631 1835 662 1894 id
684 1856 778 1916 rugo,
799 1837 959 1898 reverend.
984 1838 1081 1898 Pater
1103 1856 1163 1913 ec,
1196 1853 1276 1915 quse
1311 1868 1315 1875 ·

352 1918 522 1997 dictasunt,
547 1918 595 1978 vel
617 1920 763 1998 peralics
778 1922 827 1980 vel
850 1941 904 2000 per
925 1940 984 1994 me,
1009 1939 1072 1981 ncn
1085 1939 1209 1998 semper
1223 1940 1274 1979 ve

352 2002 389 2062 lit
409 2003 537 2062 reiicere
559 2003 591 2060 in
623 2001 811 2066 adulationis
834 2004 983 2078 studium,
1021 2005 1136 2084 quippe
1157 2002 1276 2063 adulari
1306 2072 1311 2077 p

353 2085 539 2161 condidici,
562 2083 680 2145 adulari
702 2088 796 2146 etism
818 2089 936 2148 nescio.
1040 2164 1044 2166 Y

488 2251 591 2312 Sexta
614 2251 663 2312 dic
683 2251 758 2316 iulii
779 2253 866 2314 Horu
885 2253 1017 2330 septima
1037 2267 1135 2322 mane.

583 2416 773 2478 Martinus
797 2401 963 2480 exorsus
986 2401 1055 2479 est.

350 2636 351 2639 ,
439 2581 605 2660 Postquam
627 2582 693 2643 heri
715 2587 858 2666 egreglus
880 2587 917 2646 D.
939 2586 977 2645 D.
1000 2604 1062 2644 non
1082 2586 1196 2663 pariis,
1219 2586 1275 2646 sed

351 2663 459 2724 iudicis
472 2664 607 2727 officium
629 2686 782 2747 usurpcns
794 2675 910 2729 contra·
918 2668 1136 2728 conventionis
1149 2676 1273 2747 pactum

353 2753 384 2809 et
405 2748 597 2810 veluntatem
616 2750 816 2811 illustrissimi
829 2752 980 2831 Principis
991 2750 1127 2831 Georgii,
1149 2751 1275 2812 Putrcni

331 2832 465 2912 nostri,
497 2852 546 2893 me
567 2835 660 2895 toties
694 2832 834 2895 definivit
858 2842 890 2897 et
919 2835 1123 2914 proclamavit
1144 2834 1272 2894 haereti-

351 2934 431 2993 cum,
454 2934 522 2984 cnm
547 2918 592 2977 sui
616 2916 709 2977 oflicii
733 2918 840 2979 fuisset
861 2919 961 2979 solnm
984 2916 1125 2977 adductis
1146 2920 1273 2978 reticui·

351 2998 408 3058 bus
431 3006 461 3059 et
474 3000 686 3061 autoritatibus
707 3002 857 3063 iudicibus
880 3002 1063 3079 relinquere,
1086 3017 1185 3083 essem
1198 3001 1274 3061 hce-

352 3082 463 3142 reticus
486 3076 601 3161 necnr33
634 3084 665 3142 in
689 3102 766 3163 quo,
799 3087 824 3145 si
858 3104 920 3145 nun
944 3091 992 3144 est
1013 3084 1128 3144 violatu
1149 3084 1275 3163 publicu

351 3164 437 3244 fides,
461 3166 592 3227 viderint
612 3166 653 3243 hi,
677 3185 806 3244 quorum
829 3169 964 3229 interest.

434 3247 482 3307 Ad
505 3267 628 3309 causum
651 3252 783 3329 primum
806 3251 928 3329 obiecit,
951 3250 1034 3329 quud
1055 3268 1177 3310 errcres
1191 3250 1272 3310 Huss

350 3330 618 3407 pestilentissimus
643 3335 816 3394 vocaverim
839 3335 1126 3409 christianissimos,
1149 3333 1271 3411 dequo

351 3418 449 3473 tcstcr
468 3432 566 3475 meum
591 3417 810 3480 innocentiam.
833 3417 899 3477 Nec
919 3418 981 3478 hcc
1001 3418 1115 3496 poterit
1135 3435 1271 3495 unquam

349 3495 490 3573 probare,
514 3503 545 3557 et
566 3500 740 3578 expostulo,
763 3507 803 3561 ut'
818 3502 955 3581 assignet
974 3499 1271 3574 eosdemcrticnl0s‚

349 3595 426 3656 quos
467 3580 734 3657 pestilentissimos
772 3586 947 3644 vocaverim
966 3656 968 3666 Ι
990 3583 1271 3662 christianissimus,

351 3667 405 3721 cut
426 3680 535 3722 vocem
558 3683 644 3724 suani
665 3673 803 3727 revocet.

430 3744 573 3807 Secundo
585 3750 771 3826 criminatur,
783 3748 867 3828 quod
879 3750 1124 3810 commiscuerim
1137 3747 1270 3810 Sanctus

348 3826 485 3890 Graccus
506 3849 582 3891 curn*
596 3832 813 3895 schismaticis.
850 3830 931 3907 Quid
959 3832 1040 3892 alind
1061 3832 1194 3910 fuceret,
1218 3834 1271 3911 qm

262 3914 266 3919 ’
347 3930 409 3972 ncn
432 3912 559 3975 haberet
580 3915 663 3992 quod
686 3915 811 3992 diceret,
832 3934 905 3975 cum
926 3917 1128 3977 certissimum
1142 3917 1271 3976 sitim-

234 4018 237 4026 *
346 4010 423 4072 pers
443 3998 614 4059 novissime
633 4003 773 4059 vastatae
796 3998 1082 4079 liunstcntincpclis
1098 3999 1197 4088 luisse
1225 4000 1270 4059 in-
