3075 4775
586 543 743 600 ιιιῐιιιιιιιι
762 549 889 614 exsepts.
951 567 953 571 ·

541 773 546 780 -
615 731 840 796 Eooins.

344 898 550 962 Reverendus
570 899 607 960 D.
625 898 716 960 Pater
737 899 813 959 sutis
841 899 1006 959 instruetur
1028 898 1191 961 deseendit

263 985 293 1044 iu
315 991 455 1062 arenam,
469 983 628 1042 materiam
651 981 869 1043 suambabens
891 981 973 1044 bono
989 982 1097 1044 ordine
1118 1002 1191 1044 oon·

263 1072 379 1126 textam
401 1066 434 1126 in
456 1065 563 1128 libello
584 1066 754 1146 impresso,
784 1072 816 1127 et
837 1083 893 1146 per
912 1081 982 1126 enm
1004 1067 1189 1147 oomposito,

264 1169 360 1229 quare
380 1149 607 1217 illustrissimae
627 1149 864 1209 Dominationes
893 1156 1030 1227 vestrae,
1054 1149 1191 1231 magnili-

264 1234 385 1294 oeutiae
410 1238 441 1294 et
455 1232 684 1294 dominationes
698 1233 820 1292 veniam
843 1231 1077 1311 dabuntEuuio,
1095 1233 1191 1294 multo

263 1317 322 1376 iam
346 1323 491 1395 tempore
520 1315 587 1376 eliis
611 1316 744 1396 negotiis
767 1321 939 1395 uooupsto,
973 1315 999 1374 si
1033 1335 1096 1376 non
1128 1322 1190 1377 tum

263 1397 396 1460 rotunde
419 1405 451 1460 et
472 1404 615 1460 aeourate
647 1417 665 1458 e
691 1399 823 1479 vestigio
850 1405 938 1460 tauta
958 1399 1116 1460 (tumulare
1137 1418 1191 1478 po·

264 1483 344 1562 terit,
367 1489 516 1561 quantum
538 1480 725 1542 reverendus
745 1481 837 1542 Pater
857 1483 919 1542 iam
941 1482 1108 1562 congessit.
1131 1483 1191 1542 Ve-

266 1567 310 1626 uit
334 1567 419 1626 enim
436 1565 659 1645 disputaturus,
681 1583 744 1626 nou
763 1563 874 1626 librum
896 1564 1042 1626 editurus.
1078 1565 1191 1625 Verum

264 1647 337 1728 quid
359 1647 549 1710 reverendus
576 1647 633 1709 Pet
620 1653 668 1708 ter
693 1646 819 1727 dixerit,
853 1667 909 1729 per
937 1647 1078 1709 ordinem
1100 1646 1192 1728 dispi-

264 1732 393 1793 ιιιιιιιιιιι.

348 1814 450 1901 Primo
474 1814 610 1874 omnium
618 1795 742 1894 ,ouput
763 1831 833 1874 esse
854 1813 1007 1875 soolesiue
1028 1775 1192 1893 Christum,

263 1897 427 1978 probare
419 1895 464 1956 uit
453 1895 559 1975 tendit,
582 1859 665 1978 qdod
687 1904 791 1957 tamen
808 1896 908 1973 fueret
920 1915 1192 1995 supervacaneum,

265 1999 333 2042 oum
356 1979 459 2040 nullus
492 1979 554 2042 hoo
579 1999 695 2061 negare
715 1986 911 2060 praesumat,
944 1982 1002 2042 nisi
1032 1982 1084 2060 qui
1116 1981 1191 2041 anti-

265 2065 361 2124 ehrist
348 2069 397 2124 tus
420 2063 474 2141 sit,
507 2063 603 2124 miror
631 2070 734 2123 tamen
764 2063 984 2159 vehementer,
1020 2062 1103 2144 quod
1131 2063 1192 2125 hoe

264 2167 327 2208 uon
351 2109 529 2227 perpendit
560 2147 641 2206 siout
660 2146 853 2226 pollioetur
845 2166 876 2206 ιιι
898 2147 987 2208 dotis
1009 2166 1114 2209 eoram
1138 2146 1191 2208 Le·

264 2240 337 2310 gato
361 2228 451 2291 Sedis
473 2229 690 2310 Apostoliose,
722 2240 817 2310 posse
848 2248 883 2290 se
910 2238 1071 2311 praestare
1098 2248 1191 2309 quen·

265 2314 336 2374 dum
371 2311 685 2394 Iuristotheologum,
726 2312 815 2393 plura
849 2332 919 2374 esse
953 2331 1047 2395 posse
1090 2313 1192 2395 eapite

265 2396 481 2474 subordinate,
514 2397 546 2457 iu
578 2414 639 2493 qun
661 2398 785 2477 mystioi
806 2398 915 2478 eapitis
936 2399 1015 2460 rstio
1037 2405 1091 2459 sut
1112 2417 1192 2478 sym-

264 2480 358 2543 bolioi
380 2500 406 2540 a.
422 2499 457 2540 rs
458 2481 544 2541 tione
564 2480 673 2561 eapitis
693 2480 840 2541 naturalis
851 2478 973 2559 definit,
995 2500 1090 2562 quare
1105 2499 1191 2562 prue-

266 2571 312 2625 ter
341 2571 434 2644 eaput
462 2562 679 2625 Christumt
646 2570 679 2624 et
698 2563 782 2633 uliud
805 2570 949 2643 oportere
971 2566 1090 2658 quoeri
1098 2570 1192 2644 onput

265 2648 296 2707 in
318 2647 455 2707 eoolesia
477 2646 579 2706 stetim
601 2645 790 2727 probabitur.
818 2646 926 2726 Neque
948 2649 977 2707 ei
999 2641 1191 2729 suffrdgatur,

153 2796 155 2813 ἶ
267 2728 350 2810 quod
373 2718 551 2810 apostolum
573 2728 699 2807 induoit,
722 2733 750 2792 1.
774 2728 913 2793 Corinth.
936 2732 975 2796 3:
997 2730 1122 2793 Divisus
1144 2737 1192 2790 est

268 2812 431 2875 Christus?
485 2812 628 2873 Numet
597 2814 654 2873 esti
685 2811 799 2873 Paulus
827 2813 870 2874 ibi
897 2814 978 2873 Petri
1010 2813 1192 2889 meminerit,

267 2916 328 2959 uon
354 2904 459 2957 tumen
481 2895 591 2955 falsum
604 2890 747 2958 dixitB.
771 2896 977 2977 Hieronymus
999 2896 1049 2958 lib
1067 2900 1095 2957 ι.
1119 2913 1190 2955 oon·

266 2962 752 3043 iralovinianumoolum.1:8
776 2979 862 3041 Unus
884 2980 1023 3059 eligitur,
1056 2978 1192 3057 loquitur
1246 3010 1256 3023 ·

267 3063 306 3124 de
316 3063 476 3139 Petro,
443 3063 593 3143 nospite
615 3064 763 3124 eonstitut
764 3081 783 3124 o
751 3063 973 3123 tsohismotis
994 3061 1120 3123 tollatur
1141 3079 1191 3121 oo-

266 3147 361 3209 ossio
388 3144 479 3205 Clare
499 3145 636 3225 appellnt
658 3146 781 3207 Petrum
803 3152 897 3227 eaput
917 3147 947 3208 in
970 3144 1103 3207 eeclesia
1121 3164 1191 3206 esse

266 3228 560 3292 martinianum
581 3228 660 3289 haeo
679 3230 776 3290 missa
796 3229 935 3308 facimus,
958 3228 1129 3291 solutiones
1150 3228 1191 3289 ad

267 3321 374 3375 nostra
394 3310 520 3397 inducta
540 3312 700 3393 repulsuri.

349 3392 489 3457 Primo
475 3414 544 3455 oum
566 3394 735 3538 respondet
756 3394 795 3455 ad
817 3394 892 3456 illud
905 3357 1110 3460 Johunnisb.
1133 3396 1191 3457 Ne·

267 3498 326 3560 que
348 3480 432 3540 enim
453 3478 546 3539 Filius
568 3479 707 3559 potesis
705 3496 795 3540 nuere
816 3476 1000 3558 quidquam,
1029 3479 1088 3541 nisi
1112 3498 1192 3559 quse

267 3563 377 3623 viderit
399 3562 518 3622 Patrem
541 3562 721 3641 facientem,
744 3561 822 3622 dixit
843 3561 1063 3623 seouudumS.
1085 3562 1192 3623 Patres

268 3646 398 3728 exprimi
419 3644 469 3705 hio
492 3640 709 3725 aequalitatem
731 3645 831 3705 Patris
853 3651 885 3705 et
904 3644 982 3706 Filii.
1012 3646 1127 3707 Verum
1150 3646 1191 3707 le·

268 3738 320 3810 gut
341 3729 498 3807 attentius,
512 3747 639 3809 quaeso,
662 3727 850 3789 reverendus
862 3728 920 3789 Pat
907 3734 954 3789 ter
976 3729 1009 3791 B.
1034 3734 1065 3789 et
1086 3728 1192 3789 inadu

268 3812 392 3873 labilem
413 3810 536 3871 Putrem
556 3811 746 3873 Bernardum
767 3810 820 3873 ιιιι
828 3813 857 3874 3
879 3810 919 3872 de
942 3811 1192 3874 consideratione

267 3894 305 3955 ad
327 3895 519 3975 Eugenium,
547 3895 599 3958 ubi
622 3894 661 3955 de
682 3894 784 3956 forma
804 3893 956 3957 ecelesias
974 3894 1125 3975 loquens,
1161 3899 1193 3953 et

267 3998 336 4039 eum
358 3997 429 4051 esse
451 3977 520 4038 de
507 3996 577 4059 Jure
599 3976 704 4039 divino
726 3976 876 4057 probans,
888 3987 1026 4039 nostram
1039 3978 1190 4037 rationem

266 4047 412 4124 formavit
438 4060 512 4123 mihi
539 4060 651 4123 oolum.
673 4065 708 4127 7:
741 4060 810 4123 Nee
836 4060 929 4123 vilem
960 4065 1106 4139 reputans
1128 4056 1190 4113 ior·
1264 4098 1271 4117 .

293 4176 891 4228 uusnppvuedstumtpviur
1036 4140 1056 4204 3

1376 4025 1385 4126 ι
