3075 4775
528 549 563 603 de
582 550 763 605 Socrumsnto
776 550 917 617 saporus.
1123 542 1185 611 397

259 732 352 796 Nube
384 752 455 795 oum
481 732 577 796 tribus
600 732 671 796 filiis
693 751 862 813 eorumque
889 730 1050 809 uxoribus,
1086 750 1186 811 neque

260 819 344 879 enim
366 816 469 898 plures
490 836 582 897 quum
605 827 677 881 outo
699 818 731 883 in
752 836 825 878 uros
846 822 918 878 sunt
938 817 1061 877 servsti.
1095 814 1186 890 Quod

260 902 352 981 igitur
372 902 515 961 homiues
539 900 656 961 diluvio
678 902 854 981 perierunt,
887 898 1040 979 signifieat
1060 900 1091 959 in
1114 900 1186 979 bup-

260 987 353 1046 tismo
384 984 520 1065 demergi
543 990 649 1047 uostrs
669 994 814 1064 peccota,
845 1000 968 1059 verum,
1008 982 1090 1060 quod
1113 993 1185 1045 oolo

259 1068 401 1127 homines
422 1075 663 1128 servanturoum
686 1067 770 1127 omni
792 1084 906 1147 genere
917 1067 1103 1143 animalium,
1126 1066 1184 1145 sig·

261 1150 367 1213 niflest
388 1170 443 1230 per
464 1150 647 1231 baptismum
670 1151 827 1211 hominem
849 1149 970 1211 sslvuri.
994 1147 1079 1209 Siout
1090 1148 1121 1209 S.
1133 1148 1186 1207 Pe-

260 1243 323 1309 trus
345 1236 378 1294 in
400 1236 498 1314 primu
525 1255 582 1296 sus
610 1235 741 1315 epistula
767 1233 850 1293 beno
877 1231 1005 1312 figuram
1035 1231 1074 1293 de
1096 1231 1186 1293 Nohs

259 1340 277 1381 e
321 1319 398 1380 onit.

277 1339 320 1399 xp
341 1402 437 1462 Porro
461 1400 556 1461 multo
578 1400 670 1460 istius
693 1406 781 1480 putet
804 1400 990 1479 baptismus,
1022 1418 1113 1479 quoru
1142 1398 1184 1459 di·

153 1467 154 1474 ἵ
260 1486 375 1547 invium
396 1482 481 1543 illud,
504 1482 582 1544 Nam
606 1483 764 1560 diluvium,
785 1481 867 1561 quod
885 1482 975 1543 Nobs
996 1482 1185 1563 temporibus

260 1570 324 1647 fuit,
347 1568 437 1627 unius
454 1567 528 1625 suni
550 1568 692 1628 homines
716 1564 868 1645 perdidit,
890 1564 1058 1645 baptismus
1081 1573 1183 1630 sutem

153 1677 154 1680 ¹
259 1652 361 1713 udhrie
381 1669 437 1731 per
458 1655 556 1712 totum
579 1650 727 1711 mundum
747 1648 887 1709 uChristi
911 1648 1063 1729 baptismo
1086 1648 1185 1729 durat,

153 1809 154 1812 Ἴ
259 1742 292 1797 et
312 1734 434 1795 durabit
455 1751 553 1811 usque
575 1733 614 1794 sd
636 1733 839 1794 novissimum
861 1730 942 1793 diem
955 1740 1019 1810 „et
1040 1740 1088 1793 est
1108 1732 1184 1794 dilu-

153 1843 154 1856 ι
261 1820 342 1879 rium
364 1818 493 1898 gratioe,
516 1818 594 1876 sieut
615 1816 690 1876 iliud
710 1823 777 1876 erut
796 1816 861 1875 inse
874 1814 1030 1877 diluvium.
1053 1816 1184 1895 idquod

259 1902 399 1961 Psslmus
433 1918 556 1979 quoque
578 1902 627 1963 29.
654 1898 822 1980 praedixit:
849 1898 1000 1960 Dominus
1037 1899 1183 1962 diluvium

259 1984 431 2045 inhabitare
451 1984 535 2045 isoit.
564 1983 676 2045 Procul
699 1981 792 2043 dubio
816 1983 897 2042 enim
918 1982 1020 2061 plures
1042 1984 1184 2045 homines

153 2155 154 2158 Ἴ
260 2058 463 2148 baptizantur,
485 2085 578 2146 quam
600 2067 654 2127 illo
677 2066 795 2127 diluvio
819 2066 973 2146 perierint.

342 2151 498 2230 Septimo,
528 2169 567 2209 ex
597 2151 642 2211 bis
664 2153 756 2230 igitur
778 2149 951 2229 colligimus
975 2170 1078 2211 verum
1104 2162 1184 2227 esse,

259 2233 342 2314 quod
368 2234 464 2293 homo
491 2234 592 2294 stetim
617 2254 637 2293 e
658 2233 811 2313 baptismo
835 2234 902 2293 sine
927 2236 1063 2312 peooutis
1094 2235 1186 2295 uitet

258 2318 353 2398 piune
387 2318 546 2377 innoeens.
591 2317 703 2377 Verum
725 2316 920 2395 multisunt,
958 2318 1008 2396 qui
1039 2316 1099 2377 hoo
1121 2337 1185 2378 uon

258 2409 343 2462 rente
365 2401 548 2480 intelligunt.
584 2401 635 2462 Sis
656 2402 738 2462 euim
760 2399 884 2479 quidem
908 2399 1079 2478 somniant,
1115 2420 1184 2462 euru

259 2485 376 2546 nullum
398 2483 491 2564 plene
511 2486 554 2544 sit
571 2484 722 2564 reliquum
743 2490 905 2563 peooutum
927 2503 947 2544 s
967 2483 1129 2564 baptismo,
1151 2485 1184 2544 li·
1236 2538 1240 2545 .

153 2580 154 2649 ζ
259 2587 331 2629 uere
352 2568 411 2628 sibi
433 2569 542 2628 otiosis
565 2587 655 2647 esse,
693 2586 795 2646 neque
823 2585 956 2646 unquam
985 2569 1124 2646 cogitent
1145 2568 1184 2628 de

259 2649 474 2712 mortificanda
504 2651 559 2710 iiis
579 2653 716 2730 peoostis
743 2650 838 2730 plene
870 2655 999 2730 nutus-s,
1036 2649 1067 2710 id
1101 2654 1183 2729 quod

258 2736 347 2796 multi
378 2753 502 2814 quoque
529 2754 549 2794 s
582 2735 778 2796 confessione
805 2734 908 2794 solent
933 2733 1045 2794 iuuere.
1088 2733 1185 2796 Rsote

257 2820 351 2900 igitur
371 2818 458 2896 huso,
481 2824 514 2877 ut
534 2837 628 2898 supro
648 2819 839 2896 monuimus,
861 2823 932 2876 suut
950 2817 1132 2898 sooipiends
1153 2827 1185 2878 st

258 2900 430 2980 solendum,
451 2899 534 2980 quod
555 2901 635 2962 bueo
655 2908 762 2962 nostru
777 2919 860 2982 uero,
882 2900 1026 2980 quamdiu
1044 2902 1184 2980 visimus,

258 2985 342 3046 mals
363 2986 403 3045 sit
423 2992 455 3044 et
474 2985 568 3064 plenu
589 2985 739 3066 peoostis,
761 2986 809 3044 oui
833 3003 896 3044 non
908 2984 970 3045 sliu
990 2986 1110 3046 ratione
1131 3004 1185 3064 po·

259 3070 315 3129 tuit
345 3068 508 3128 consulere
535 3068 636 3147 Deus,
664 3087 756 3149 quom
781 3070 806 3128 si
835 3074 931 3129 totum
962 3067 1127 3148 refingeret
1153 3076 1185 3129 et

256 3153 450 3214 reformaret.
485 3151 570 3212 Siout
601 3152 714 3212 dorem.
733 3151 851 3212 indiout
878 3170 943 3233 oop.
967 3153 1014 3215 18.
1059 3152 1183 3232 Figulus

257 3255 329 3296 oum
351 3233 436 3296 videt
455 3235 548 3294 sliam
570 3254 639 3295 esse
660 3237 721 3296 ium
743 3234 807 3296 fieti
829 3237 911 3296 vasis
932 3235 1072 3312 formam,
1093 3254 1184 3314 quum

256 3321 326 3400 ipse
348 3320 437 3396 velit,
473 3318 585 3399 redigit
605 3320 636 3378 in
659 3319 774 3398 lutum,
796 3326 828 3380 et
848 3318 971 3399 refingit
997 3321 1011 3394 s
1015 3319 1065 3380 Sis
1087 3320 1186 3399 inquit

153 3432 154 3439 ι
258 3404 343 3464 Deus
365 3401 447 3497 opud
469 3401 671 3481 Prophetsm:
695 3402 782 3462 Siout
802 3402 897 3491 lutum
920 3405 952 3462 in
975 3422 1067 3463 manu
1089 3401 1185 3482 figuli,

258 3489 302 3548 sie
323 3504 382 3547 vos
404 3505 436 3546 ιιι
459 3504 551 3545 msnu
572 3504 643 3546 mes
663 3487 768 3562 estis).

341 3568 423 3644 Quia
442 3574 546 3630 sutem
567 3571 683 3649 primus
704 3580 809 3650 pertus
838 3573 906 3652 ipse
934 3589 998 3632 non
1028 3570 1184 3652 probetur,

257 3653 342 3734 quod
364 3654 405 3714 sit
426 3659 601 3734 eorruptus,
637 3656 709 3717 ideo
737 3658 768 3716 in
792 3665 900 3717 terrem
923 3674 981 3716 nos
1004 3654 1106 3715 denuo
1124 3674 1185 3734 =per

258 3745 389 3799 mortem
411 3738 531 3818 redigit,
553 3742 584 3800 in
607 3742 777 3803 novissimo
799 3748 901 3802 sutem
924 3739 973 3800 die
990 3737 1130 3818 refinget,
1153 3747 1185 3798 ut

257 3824 369 3904 integri
391 3830 423 3882 et
443 3825 510 3884 sine
531 3830 668 3906 peeootis
690 3831 793 3888 simus.
817 3823 1118 3904 Hocqueounsilium
1141 3821 1184 3882 in-

258 3910 352 3971 ehost
372 3909 457 3971 Deus
478 3912 509 3971 in
532 3913 702 3992 baptismo,
730 3911 782 3992 qui
804 3910 910 3970 mortis
938 3914 970 3968 et
990 3905 1184 3966 resurreetio-

257 4000 305 4058 nis
339 3996 500 4058 novissimi
522 3997 582 4058 diei
618 4009 666 4058 est
693 4006 793 4078 typus.
834 3993 988 4068 Quantum
1017 3989 1109 4068 igitur
1140 3987 1183 4058 ‚sd

153 4132 154 4141 ,
258 4085 386 4164 ligurum
410 4090 442 4143 et
474 4083 513 4142 ud
545 4086 665 4164 signum
695 4080 880 4142 sacramenti
902 4076 1025 4150 attinet,
1064 4075 1184 4132 mortus
