3075 4775
348 541 412 608 408
640 542 661 595 1.
680 539 784 595 concio
803 539 837 593 D.
857 539 891 594 Μ.
910 539 988 592 Loth.

432 728 557 788 Praeter
589 727 651 788 hoo
680 733 785 786 autem
805 731 926 804 votum,
959 731 1048 806 potes
1082 731 1114 785 te
1147 742 1273 803 quoque
1387 721 1388 760 ³

348 817 433 874 certo
455 812 538 873 vitae
558 811 665 891 generi
686 810 847 886 addicere,
877 808 960 890 quod
982 806 1037 870 tibi
1059 807 1273 870 commodissi-

348 915 431 956 mum
452 893 619 969 videbitur,
646 901 680 954 ut
699 895 732 953 in
754 912 793 953 eo
815 891 859 954 illi
881 899 954 954 voto
979 891 1165 968 satisfacias,
1187 891 1272 970 quod

347 980 379 1038 in
409 977 562 1058 baptismo
594 978 702 1040 fecisti.
747 976 848 1056 Atque
875 978 901 1036 is
933 976 1071 1036 detectus
1104 976 1135 1035 in
1165 981 1272 1035 nostra

349 1080 441 1122 manu
463 1068 519 1121 est.
556 1059 823 1135 Quemadmodum
845 1078 978 1139 quoque,
1001 1061 1027 1120 si
1049 1058 1109 1119 duo
1130 1077 1193 1117 nna
1214 1059 1273 1118 iter

347 1144 463 1206 faciant
481 1145 514 1202 in
535 1145 670 1223 aliquam
692 1145 859 1221 civitatem,
882 1149 987 1222 potest
1008 1142 1085 1203 alter
1105 1143 1136 1201 in
1150 1143 1272 1216 semita,

348 1227 427 1290 alter
446 1229 477 1286 in
500 1226 624 1306 publica
645 1227 708 1303 via,
731 1234 823 1305 prout
844 1227 964 1305 utrique
987 1223 1270 1287 commodissimum

348 1311 447 1387 fuerit,
468 1309 599 1390 ingredi.
643 1309 675 1369 si
698 1311 765 1388 quis
800 1327 874 1390 ergo
904 1327 938 1369 se
960 1309 1127 1369 coniecerit
1155 1309 1185 1366 in
1208 1328 1270 1370 ma-

348 1394 539 1468 trimonium,
561 1392 614 1452 ille
636 1391 757 1454 labores
781 1411 818 1453 ac
840 1391 1012 1469 molestias,
1044 1410 1121 1470 quae
1143 1392 1174 1450 in
1198 1409 1270 1450 con-

347 1477 431 1555 iugio
461 1482 549 1554 sunt,
577 1476 712 1555 perferre
734 1477 865 1556 cogitur,
888 1474 996 1553 quibus
1019 1474 1091 1534 dum
1110 1480 1271 1534 exercebit

348 1568 477 1637 natura,
510 1560 661 1619 assuescit
692 1565 724 1620 et
755 1558 839 1620 bona
869 1564 901 1618 et
928 1558 1010 1619 mala
1031 1559 1159 1636 aequius
1180 1556 1271 1633 ferre,

347 1660 461 1701 cavere
481 1649 624 1721 peccata,
657 1661 692 1702 se
725 1660 906 1722 comparare
940 1640 978 1701 ad
1011 1647 1157 1719 mortem,
1190 1659 1271 1718 quae

350 1725 454 1784 omnia
472 1724 664 1786 commodius
676 1731 780 1804 potest
801 1726 833 1786 in
854 1723 909 1784 illo
921 1743 1039 1803 genere
1061 1725 1153 1798 vitae,
1177 1743 1270 1802 quam

348 1808 375 1868 si
396 1808 514 1869 viveret
536 1813 623 1868 extra
644 1808 831 1888 coniugium.

431 1890 488 1950 Est
509 1898 611 1950 autem
635 1898 756 1970 praeter
771 1891 948 1970 coniugium
971 1889 1054 1950 aliud
1076 1889 1157 1949 vitae
1171 1908 1270 1969 genus

347 1973 478 2054 amplius
500 1993 538 2033 aa
558 1976 780 2053 praestantius,
802 1973 925 2034 illorum
947 1972 1079 2048 scilieet,
1110 1973 1162 2051 qni
1183 1973 1270 2050 spiri-

348 2057 432 2118 tuale
454 2063 561 2116 tenent
580 2076 708 2137 regnum
727 2058 863 2139 (utemur
884 2057 965 2116 enim
977 2054 1190 2118 communibus
1215 2074 1270 2116 vo-

348 2138 497 2218 sabulis),
520 2140 628 2217 quates
650 2148 722 2200 sunt
743 2141 893 2220 episcopi,
914 2138 1041 2218 parochi
1063 2145 1122 2198 etc.
1168 2138 1271 2216 Atque

348 2222 378 2280 hi
403 2220 524 2299 quidem
548 2222 676 2301 siugulis
702 2223 787 2284 horis
810 2219 965 2283 debebant
987 2240 1056 2281 esse
1077 2221 1192 2301 parati,
1231 2221 1269 2280 ad

348 2322 472 2364 omnem
494 2303 656 2365 adversam
677 2306 846 2382 fortunam,
878 2304 969 2365 etad
992 2311 1121 2364 mortem
1145 2322 1271 2382 quoquc

348 2384 576 2466 perferendam,
598 2409 660 2450 non
684 2390 784 2451 solum
807 2396 932 2469 propter
954 2408 1040 2448 suam
1062 2389 1200 2467 ipsorum
1224 2407 1269 2447 sa-

348 2471 457 2546 tutem,
481 2469 649 2532 sedetiam
673 2479 800 2553 propter
820 2472 958 2546 illorum,
982 2470 1089 2551 quibus
1112 2478 1270 2549 praesunt.

429 2552 523 2615 Porro
546 2554 640 2616 debet
660 2555 770 2617 modus
792 2574 862 2617 esse
883 2556 913 2614 in
937 2554 984 2615 his
1010 2552 1167 2629 omnibus,
1190 2555 1271 2612 sicut

345 2655 438 2716 supra
458 2638 580 2715 monui,
607 2645 641 2699 ut
662 2646 818 2717 spectetur
839 2657 902 2698 non
925 2636 1086 2697 multitudo
1108 2642 1162 2695 aut
1183 2656 1269 2715 mag-

345 2719 453 2783 nitudo
476 2738 614 2799 opernm,
637 2721 692 2782 sed
713 2728 831 2782 tantum
845 2728 1041 2801 peccatorum
1062 2717 1268 2779 mortificatio.

428 2800 542 2863 Verum
565 2806 644 2865 siout
664 2824 768 2879 nemu,
789 2823 891 2884 neque
903 2803 1056 2883 baptismi,
1080 2820 1180 2879 neque
1194 2803 1269 2881 quid

345 2885 497 2965 significet
518 2886 703 2966 baptismus,
727 2906 827 2965 nsque
848 2888 932 2962 voti,
954 2886 1037 2965 quod
1058 2887 1090 2944 in
1112 2884 1269 2965 baptismo

344 2966 482 3045 fecimus,
506 2972 659 3048 meminit,
681 2970 765 3049 quod
789 2970 906 3031 scilicet
926 2969 988 3029 hoc
1010 2968 1097 3029 nobis
1120 2971 1160 3029 sit
1181 2987 1269 3047 prae-

346 3050 499 3126 standum,
521 3058 555 3111 ut
575 3061 711 3113 nostram
735 3072 870 3131 carnem,
893 3051 1036 3131 quamdiu
1058 3051 1109 3111 hic
1125 3052 1269 3128 vivimus,
1298 3054 1306 3083 ¹

344 3132 582 3212 mortificemus,
618 3138 661 3196 ita
694 3155 817 3215 quoque
850 3154 941 3197 nemo
972 3134 1157 3195 conditionis
1181 3152 1268 3211 suae,

344 3216 375 3275 in
397 3235 457 3296 qua
479 3218 571 3294 vivit,
595 3220 741 3281 meminit.
785 3218 826 3279 Et
848 3220 937 3299 pauci
959 3223 1046 3296 sunt,
1070 3217 1121 3297 qui
1143 3223 1268 3293 norunt,

345 3316 439 3375 quare
458 3299 541 3359 hunc
561 3302 591 3361 in
616 3301 686 3379 hoc,
707 3302 794 3362 illum
817 3304 847 3363 in
870 3300 951 3361 atiud
974 3301 1056 3361 vitae
1072 3319 1170 3380 genus
1193 3318 1268 3359 con·

342 3381 449 3442 iecerit
485 3383 580 3447 Deus.
627 3384 702 3446 Ideo
737 3392 840 3445 autem
872 3404 891 3444 a
918 3384 986 3443 Deo
1015 3382 1074 3443 ista
1107 3383 1152 3441 sio
1179 3380 1268 3459 fiunt,

343 3469 377 3521 ut
408 3468 617 3545 unusquisque
650 3467 842 3529 commodius
873 3465 1026 3547 baptismo
1063 3464 1268 3526 satisfaceret.

342 3545 407 3605 lam
428 3549 459 3606 in
471 3567 618 3628 pompam
641 3570 680 3609 ea
701 3569 750 3610 res
773 3550 855 3625 abiit,
878 3567 979 3627 neque
994 3549 1157 3627 quicquam
1171 3547 1268 3626 aliud,

342 3646 434 3706 quam
469 3637 597 3691 externa
635 3633 786 3711 quaedam
824 3633 944 3713 species
978 3638 1026 3693 est
1060 3631 1188 3709 reliqua.
1232 3631 1267 3691 ld

343 3712 425 3789 quod
454 3711 532 3774 ssa·
550 3733 617 3795 cap.
643 3719 671 3779 1.
699 3726 822 3795 quoque
850 3716 1060 3793 conqueritur:
1092 3712 1266 3794 Argentum

343 3802 426 3854 tuum
449 3814 632 3857 conversum
655 3800 754 3859 estin
778 3799 920 3874 scoriam,
943 3806 974 3859 et
995 3799 1101 3859 vinum
1126 3803 1212 3856 tuum
1233 3798 1267 3857 in

341 3895 462 3956 aquam.
507 3878 565 3939 Est
592 3885 696 3941 autern
727 3901 765 3941 ea
795 3881 922 3961 indigna
944 3888 975 3941 et
997 3878 1178 3941 miserabilis
1201 3898 1266 3941 om-

340 3960 615 4102 piqucalamitas,
638 3963 687 4023 cui
709 3965 825 4025 utinam
848 3963 1014 4044 aliquando
1037 3963 1119 4023 Deus
1142 3962 1267 4024 medea·

352 4060 397 4119 nr,
449 4060 530 4105 men.
