3075 4775
489 544 631 616 parendus
648 547 759 601 enimes
779 545 816 600 nd
833 550 961 602 nortem.
1083 602 1088 620 ,
1135 541 1198 610 457

276 730 399 794 iliorum
421 731 594 795 recordstio
622 734 746 812 grevim
776 731 834 794 sibi
854 732 948 793 faciet
969 731 1104 792 divinum
1125 731 1200 794 iudi·

278 815 370 876 cium.
407 815 484 876 Tum
507 816 587 876 enim
611 816 854 893 saeuissimus,
878 815 975 876 Deum
998 815 1093 896 longe
1113 835 1199 896 pree·

278 900 430 962 cteutiorc
450 905 482 960 et
504 900 602 980 magis
624 917 747 978 quoqne
767 918 845 979 pura
868 917 965 978 opere
985 918 1004 958 a
1025 898 1200 976 uobiseni·

278 1001 363 1062 gere,
386 1001 477 1062 quern
499 982 564 1059 illa,
586 1001 665 1060 quse
687 982 826 1058 fecimus,
847 981 967 1042 inerint.

361 1065 545 1128 Necessario
575 1067 676 1146 igitur,
700 1065 838 1144 sequitur
871 1063 973 1126 odium
1010 1066 1135 1142 mortis,
1171 1065 1203 1126 et

278 1151 399 1208 enimus
427 1148 552 1210 divinoe
582 1149 733 1210 voluntati
768 1167 832 1209 non
858 1147 1025 1224 obediens,
1059 1148 1202 1228 adeoque
1276 1173 1277 1178 ¹

278 1237 407 1293 osterna
438 1232 604 1294 damnatio.
647 1231 754 1311 Neque
780 1233 860 1292 enim
882 1229 1078 1294 commodum
1101 1230 1131 1291 id
1154 1237 1202 1292 est

278 1322 416 1394 tompus,
451 1335 521 1376 cnm
553 1315 643 1376 uobis
670 1314 862 1379 moriendum
897 1321 959 1391 est,
991 1334 1052 1392 quo
1081 1317 1202 1392 peccati

279 1399 459 1459 memoriam
491 1418 641 1460 revocare
671 1400 702 1460 iu
732 1399 868 1459 snimnm
897 1397 1117 1470 conveniebat,
1148 1397 1203 1458 illa

278 1481 428 1562 cogitatio
451 1478 515 1542 nou
536 1483 568 1542 in
590 1483 728 1562 periculo
749 1483 845 1560 vitae,
878 1480 1036 1560 sedtum,
1065 1499 1134 1540 cum
1157 1501 1202 1541 ss

278 1583 382 1626 semus
401 1565 590 1643 incolumes,
622 1565 788 1627 sollicitere
810 1583 868 1626 nos
891 1564 1033 1626 debebat.
1077 1564 1202 1626 Perver-

280 1649 317 1708 tit
336 1647 428 1728 igitur
459 1649 594 1708 omnium
626 1668 727 1709 rerum
756 1648 895 1710 ordinem
926 1647 1036 1710 Satan:
1068 1647 1139 1709 dum
1161 1649 1203 1708 vi-

280 1732 396 1807 vimus,
418 1737 631 1812 peccatorum,
664 1733 775 1793 mortis
806 1738 837 1793 et
857 1731 972 1792 inferni*
988 1731 1098 1792 faciem
1120 1749 1203 1811 pror·

280 1833 333 1874 sus
354 1834 395 1875 ex
416 1815 514 1876 oculis
535 1823 684 1876 removet
727 1816 821 1894 Atqui
843 1813 1062 1892 conveniebat,
1086 1821 1119 1874 ut
1140 1821 1203 1874 tum
1296 1856 1299 1864 ·

280 1917 319 1958 en
339 1916 399 1960 nos
419 1899 568 1978 segiano
590 1904 766 1974 exerceret,
801 1899 879 1958 sicut
900 1897 1023 1958 Psalmo
1046 1901 1096 1962 51.
1132 1895 1203 1957 dici-

280 1987 344 2040 tur:
372 1981 535 2058 Peccatum
558 2000 659 2045 meum
682 1999 786 2042 coram
808 1999 860 2042 me
883 1987 930 2041 est
950 1999 1082 2058 semper.
1127 1980 1204 2050 Rur-

280 2083 332 2124 sus
356 2081 425 2124 cum
447 2064 639 2126 moriendum
662 2068 717 2141 cst,
740 2072 772 2125 et
786 2063 990 2144 concipienda
1012 2069 1078 2124 erat
1099 2064 1203 2124 enimn

280 2154 407 2207 aeterno
427 2149 506 2226 vito,
540 2149 640 2229 gratie
666 2155 698 2208 et
717 2147 892 2226 beatitudo,
912 2147 1123 2208 fraudulentus
1145 2147 1203 2227 spi·

280 2231 355 2290 ritus
374 2238 502 2310 peccate
521 2240 586 2291 tum
607 2232 712 2292 animo
728 2231 843 2305 obiicit,
866 2231 899 2290 in
920 2249 958 2290 ea
973 2236 1098 2292 nostrae
1119 2250 1205 2292 men·

280 2314 319 2374 tie
340 2313 438 2374 aciem
461 2316 628 2393 convertit,
660 2321 694 2376 ut
721 2321 891 2395 conspectu
912 2322 1112 2395 peccatorum
1135 2332 1205 2395 pro·

281 2396 367 2458 hibin
388 2397 428 2457 ed
452 2400 545 2459 vitem
574 2406 607 2460 et
626 2400 755 2479 gratiam
778 2400 934 2478 respicere
955 2418 1018 2460 nou
1041 2400 1205 2478 possimus.
1287 2426 1293 2433 «

363 2479 498 2559 Octavo,
525 2482 662 2541 internus
691 2500 817 2559 quoque
851 2488 914 2541 tum
945 2483 1085 2560 augescit
1112 2488 1144 2541 et
1171 2480 1206 2541 iit

281 2558 423 2644 amplior,
445 2566 471 2625 si
493 2566 592 2625 maior
616 2572 648 2625 et
669 2563 845 2643 diligentior
866 2562 906 2625 de
928 2581 967 2623 eo
991 2564 1140 2640 cogitatio
1163 2564 1205 2621 in·

281 2637 503 2727 opportuniore
525 2655 665 2727 tempore
692 2648 827 2707 animum
855 2652 994 2725 occupet.
1037 2645 1204 2705 Maximum

280 2736 384 2790 antem
405 2729 445 2790 ad
466 2730 548 2791 hano
568 2750 633 2791 rem
658 2736 847 2791 momentum
869 2727 975 2803 effert,
1000 2726 1082 2807 quod
1106 2728 1206 2788 nesci·

281 2832 349 2873 mus
371 2812 429 2874 Dei
448 2812 602 2873 iudicium.
645 2813 739 2875 Satan
767 2812 859 2891 igitur
886 2810 1032 2875 sollicitet
1059 2830 1117 2871 nos
1140 2828 1203 2871 non

281 2895 382 2955 solum
403 2897 496 2976 impia
519 2904 551 2957 et
571 2916 661 2972 vans,
682 2895 737 2956 sed
760 2896 852 2956 etism
871 2894 1130 2973 periculosissime
1151 2893 1205 2953 illa

282 2998 356 3038 oure
376 2978 421 3039 de.
438 2979 552 3041 indicio
574 2980 648 3040 Dei:
678 2998 751 3038 unm
775 2978 869 3037 simus
891 2976 1112 3057 praedestinati
1133 2988 1204 3037 nec-

281 3080 331 3123 ne.
374 3061 416 3123 Et
442 3082 518 3123 sane
547 3064 579 3122 iu
611 3062 670 3123 hec
695 3062 869 3121 tentatione
891 3078 999 3122 omnes
1021 3077 1092 3121 sues
1115 3060 1206 3138 vires,

282 3148 365 3206 ortes
386 3151 419 3205 et
439 3146 538 3207 dolos
551 3145 644 3206 Satan
666 3143 803 3206 effundit.

366 3226 470 3302 Quare
491 3229 582 3289 etiam
605 3229 664 3289 nisi
685 3235 796 3288 caveat
815 3228 930 3303 homo,
956 3225 1107 3306 paulatim
1135 3244 1204 3285 eum

285 3330 379 3389 supra
399 3312 498 3371 Deum
522 3312 649 3389 evehat,
681 3317 716 3371 ut
743 3319 871 3390 quaeret
893 3311 982 3391 signa
1008 3308 1131 3370 divinae
1153 3327 1205 3371 vo·

282 3393 419 3471 luntatis,
440 3401 473 3454 et
493 3396 691 3475 impetienter
711 3395 798 3469 ferat,
821 3392 902 3472 quod
927 3411 990 3453 non
1013 3398 1113 3453 certus
1135 3410 1205 3453 esse

281 3477 381 3556 possit
415 3476 454 3537 de
482 3496 539 3538 sua
566 3476 666 3539 solute
695 3484 727 3537 et
755 3478 793 3537 ds
821 3475 981 3539 voluntate
1002 3474 1059 3535 Dei
1082 3492 1204 3538 arcane.

282 3560 377 3620 Venit
398 3561 490 3641 igitur
510 3558 601 3620 nobis
622 3563 653 3620 io
676 3560 883 3639 suspicionem
906 3558 1005 3633 Deus,
1039 3575 1077 3617 eo
1098 3558 1122 3619 si
1146 3576 1203 3619 nos

197 3706 200 3713 ,
283 3642 419 3721 odisset,
452 3651 483 3703 et
512 3660 550 3702 eo
573 3641 636 3701 iere
657 3645 736 3705 ratio
758 3641 958 3722 pertrahitur,
992 3647 1025 3700 ut
1048 3642 1152 3721 cupiat
1174 3645 1206 3701 et

284 3732 372 3806 optet
399 3727 459 3787 iem
483 3724 706 3789 alium'Deum.
750 3723 831 3800 Quid
863 3723 964 3784 multis
993 3724 1117 3787 moror?
1146 3724 1204 3785 hac

283 3810 474 3889 cogitatione
506 3826 563 3869 ceu
591 3807 711 3869 turbine
737 3806 872 3887 quodem
894 3806 1071 3889 dispergere
1094 3814 1125 3868 et
1147 3826 1203 3867 ex-

283 3893 447 3988 stinguere
464 3909 600 3951 amorem
613 3890 671 3952 Dei
694 3898 725 3951 et
736 3891 797 3953 Dei
821 3889 923 3951 odium
953 3892 1088 3953 excitare
1109 3889 1204 3951 Setun

281 3982 492 4130 mutuiinmto
519 4056 611 4135 igitur
631 4055 701 4139 plus
728 4056 801 4117 huic
834 4056 1015 4137 cogitationi
1043 4053 1204 4121 indulserit

565 4384 680 4443 Β.
