3075 4775
364 538 428 605 308
607 539 702 596 Rcrol.
722 540 752 593 1„
769 554 855 611 nuper
871 532 1066 610 Proporiiione

369 729 463 808 dnae,
485 735 518 790 el
538 730 709 791 contulisse
728 746 799 789 cnrn
819 706 956 809 Iacobo',
979 729 1071 790 Petro
1093 734 1126 789 ei
1146 728 1294 789 iohanne
1379 712 1380 771 I

366 812 562 893 evangelium
583 815 745 894 praeputii.

453 895 532 970 Quin
553 904 656 957 autem
668 897 858 957 itainaauiut
877 912 996 975 quaero
1018 894 1219 972 rclOrcstcr,
1244 912 1292 955 ec-

367 980 493 1041 ciceiam
519 978 833 1060 Hierosolymilnnam
854 986 887 1039 et
908 978 1093 1039 catholicam
1111 996 1175 1039 non
1197 978 1293 1038 fuisse

369 1062 544 1141 eccleciam,
565 1064 638 1142 quic
650 1070 790 1143 poteslas
804 1063 966 1123 Romanae
977 1062 1129 1123 ecclcsiae
1150 1060 1290 1122 nondum

347 1147 426 1207 ,fuit
445 1145 775 1208 neoforteiideeeius.
817 1144 888 1207 Non
905 1164 980 1226 ergo
1003 1145 1134 1226 euper1)
1181 1152 1291 1225 elram,
1379 1136 1380 1191 I

366 1228 397 1289 id
420 1236 476 1307 eet,
499 1235 687 1309 potestatem
708 1230 841 1291 Roman.
863 1228 1034 1307 eccleciae,
1057 1230 1137 1289 sicut
1188 1235 1292 1289 ecreto

366 1312 522 1391 quaedam
545 1320 714 1394 exponunt,
737 1311 793 1372 ned
815 1330 906 1393 cupra
921 1311 1024 1393 fldem,
1047 1310 1174 1373 aPetro
1197 1310 1290 1387 enb²)
1379 1332 1380 1337 ¹

367 1397 463 1456 totius
484 1395 637 1457 ecclesiae
664 1414 800 1476 persona
821 1395 1012 1475 confessam,
1047 1393 1212 1457 aedificate
1235 1401 1291 1474 ecl,

365 1496 434 1539 cum
459 1485 491 1539 ei
512 1479 693 1541 universalis
715 1486 748 1540 ct
773 1478 927 1541 calholica
950 1479 1084 1541 ecclesia
1103 1484 1193 1540 tanto
1216 1485 1291 1539 tenr-

365 1580 443 1642 pore
464 1569 538 1622 ante
556 1562 729 1624 Romanam
752 1562 916 1633 ecclesiam
939 1562 1039 1626 fuerit.

448 1644 581 1705 Ulterius
603 1646 711 1709 March.
733 1646 842 1707 XVIII.
864 1646 896 1705 in
919 1646 1030 1725 plurali
1052 1662 1182 1707 numero
1205 1644 1290 1725 dicii,

365 1746 429 1871 pon
450 1727 635 1809 ndPetrnm,
657 1729 772 1790 uouad
788 1729 960 1809 apostolos,
983 1728 1038 1791 ned
1060 1728 1099 1789 ad
1122 1728 1290 1791 ecclesium

386 1828 488 1873 icens:

446 1893 479 1956 Si
500 1895 665 1956 ecclesium
688 1914 752 1957 nou
775 1894 921 1974 uudIerii,
951 1896 990 1955 eii
1012 1895 1066 1956 tibi
1089 1896 1169 1955 siout
1192 1894 1290 1955 eilrni-
1379 1934 1380 1951 r

366 1997 420 2039 oua
442 1985 473 2038 et
494 1977 685 2058 publicanus.
720 1982 819 2043 Amen
851 1979 921 2039 dico
944 1977 1049 2039 vobis:
1079 1976 1291 2058 Quaecunque

366 2062 534 2142 ligaveritis
547 2058 583 2140 ⁸)
607 2068 834 2142 superterram,
856 2062 952 2145 ligata
973 2066 1062 2121 erunt
1083 2070 1114 2123 et
1134 2064 1166 2123 in
1188 2062 1290 2124 coelo.

451 2143 577 2206 Accede
597 2164 690 2226 nunc,
714 2145 875 2226 quivoleo,
897 2151 929 2206 ci
943 2144 1026 2205 huuc
1048 2162 1116 2205 cum
1139 2146 1195 2207 illo
1218 2146 1291 2207 loco

368 2228 482 2288 confer.
527 2227 584 2289 Ille
624 2235 735 2306 conec,
763 2229 822 2313 soli
843 2229 935 2290 Petro
967 2227 1055 2289 datas
1088 2229 1213 2308 claves,
1241 2228 1293 2292 hic

366 2317 470 2392 neget,
492 2317 524 2371 el
544 2330 607 2372 non
631 2312 689 2373 acii
711 2312 800 2373 dator
822 2314 942 2374 canerit.
988 2311 1154 2388 Quomodo
1175 2318 1291 2374 utrum·

366 2411 426 2473 qne
459 2394 576 2456 stabii?
614 2395 874 2458 concordandum
908 2397 1013 2476 utique
1046 2403 1093 2457 eal
1124 2403 1291 2477 utrumque

367 2477 516 2554 verbum,
550 2477 633 2558 quod
654 2479 737 2541 idern
759 2481 900 2542 Christus
919 2480 1006 2542 dixit.
1050 2478 1083 2542 Si
1114 2480 1176 2541 ooli
1196 2480 1289 2541 Petro

365 2561 500 2623 collaine
521 2569 601 2642 suni,
621 2563 820 2636 mendacium
841 2572 897 2642 eoi,
920 2562 1004 2644 qnod
1025 2561 1076 2623 hic
1098 2562 1174 2624 dicit
1192 2565 1290 2624 omni-

365 2644 421 2707 bus
443 2644 582 2707 collatae.
626 2646 702 2722 Quis
721 2654 825 2708 cutem
846 2667 910 2709 uon
932 2647 1051 2726 videat,
1079 2645 1162 2707 hunc
1183 2653 1289 2728 poste-

364 2730 477 2790 riorem
498 2728 605 2791 Iocum
628 2749 698 2791 enee
718 2731 919 2812 interpretem
939 2730 1068 2812 prioris,
1102 2737 1134 2791 et
1161 2731 1194 2790 in
1228 2730 1292 2792 hoc

364 2830 430 2874 rem
452 2831 522 2874 cccc
543 2813 626 2874 clare
648 2815 831 2896 expositam.
874 2814 940 2874 lllio
959 2831 1034 2875 vero
1057 2813 1088 2872 in
1107 2813 1201 2875 Petro
1223 2815 1290 2874 uni-

364 2902 459 2957 tatem
481 2897 645 2958 multorum
675 2898 706 2959 in
739 2897 874 2962 ccclesia
895 2895 1154 2960 commendatam.
1201 2897 1290 2974 [Per-

365 2981 503 3060 spicuum
527 2981 699 3060 cellaque,
721 2981 825 3042 clareo
846 2999 915 3042 ease
928 2980 1079 3042 eccleciae
1102 2979 1208 3059 datas,
1231 2999 1291 3042 nec
1379 2987 1380 3006 ³

365 3068 427 3143 cai,
459 3062 543 3142 quod
563 3063 635 3124 huic
655 3063 727 3126 loco
758 3065 859 3145 poscit
879 3064 1012 3146 opponi,
1041 3063 1165 3144 quaudo
1200 3063 1290 3125 dicii:

365 3145 424 3207 Dic
458 3146 625 3224 eccleciae,
660 3148 687 3207 ei
722 3148 886 3209 ecclesiam
921 3167 984 3210 non
1024 3147 1165 3208 audierit.
1217 3147 1289 3209 Non

313 3222 315 3229 '
365 3228 459 3290 dicit:
483 3230 541 3290 Dic
562 3230 665 3308 Petro,
688 3232 714 3291 ei
737 3231 860 3292 Petrum
882 3249 946 3292 non
968 3225 1192 3316 andrenaco]

453 3311 534 3387 Quin
556 3313 627 3374 vide
648 3313 806 3394 quoddam
829 3315 978 3378 mirabile.
1021 3313 1086 3375 Illic
1112 3314 1222 3394 Incipit
1250 3313 1290 3375 ab

365 3396 518 3474 omnibus,
539 3396 661 3458 dicens:
683 3396 784 3474 Quem
804 3413 861 3458 voe
880 3415 931 3459 me
952 3415 1021 3459 esee
1033 3396 1145 3476 dicitis,
1169 3396 1291 3458 allinit

363 3481 395 3540 in
417 3499 480 3540 unc
491 3481 592 3556 Petro,
614 3481 736 3542 diceus:
758 3481 805 3541 Tu
816 3498 859 3561 ee,
882 3487 913 3542 ct
934 3481 988 3542 iibi
1005 3479 1096 3542 dabo.
1140 3479 1199 3540 Hic
1217 3499 1289 3542 con·

364 3569 410 3624 ira
431 3564 547 3643 incipii²
569 3563 608 3624 ab
630 3585 692 3625 unc
716 3564 838 3626 dicens:
863 3563 1081 3646 Sipeccanerit
1102 3564 1181 3625 inte
1197 3564 1291 3625 freter

364 3650 434 3707 tuus
455 3653 514 3709 etc.
535 3646 693 3709 etdeciuii
711 3650 742 3708 iu
755 3635 907 3729 omnibus,
930 3647 1054 3709 diceus:
1076 3645 1290 3728 Quaecunque

364 3729 536 3810 ligaveritis
557 3738 619 3803 etc„
659 3731 773 3793 Nonne
795 3731 910 3793 clarum
933 3737 996 3809 ccl,
1029 3746 1086 3810 per
1115 3749 1211 3791 uuum
1234 3731 1290 3792 Pc-

365 3821 443 3874 trum
471 3813 535 3872 illic
555 3813 637 3874 idern
658 3815 811 3894 voluisse,
844 3813 928 3895 quod
956 3813 1089 3894 hic.per
1116 3816 1290 3892 universos,

400 4008 432 4075 1)
453 4007 483 4060 Iu
495 4007 559 4062 edii.
578 4009 684 4076 priore:
704 4023 796 4080 cupra.
809 4005 841 4076 2)
850 4007 918 4060 lbid.
929 4003 1020 4062 dccci:
1040 4007 1102 4063 nub,
1119 4005 1153 4076 3)
1166 4006 1288 4063 Ibidem:
1346 4024 1350 4036 ·

363 4080 502 4152 ilgnverin.
