3075 4775
466 537 523 589 suis
543 535 651 604 Lipsiee
670 534 816 604 disputetis
836 553 862 589 e.
880 536 952 589 XIX.
1107 530 1170 601 265

255 716 383 781 emotus
408 724 476 779 oret
501 738 558 799 pro
579 721 737 800 inspietete
760 721 880 799 peeeeti
902 722 964 799 uri,
984 720 1047 782 hoo
1067 728 1169 782 notem

255 809 298 861 est
320 803 484 881 poenitere
496 804 610 882 utique,
633 822 692 863 nee
704 806 809 882 potest
820 803 897 881 diei,
911 803 994 882 qood
1006 824 1063 885 pro
1084 824 1170 885 pree-

254 886 340 945 terito
353 894 409 945 eut
428 904 485 965 pro
508 904 611 965 poena
627 888 782 965 praeteriti
798 888 917 967 peremi
939 895 1015 964 oret,
1037 888 1092 947 sed
1114 908 1170 970 pro

253 970 416 1047 praesenti.
427 968 505 1029 Nom
521 976 556 1029 ut
566 969 626 1029 hoo
639 968 825 1047 ostenderet,
839 968 965 1029 ndieoitt
978 968 1169 1050 impietatem

252 1053 371 1130 poooeti
388 1052 526 1131 mei,pro
549 1052 608 1112 heo
630 1052 737 1130 orabit,
750 1072 815 1113 non
825 1051 944 1113 seilicet
957 1072 1013 1133 pro
1030 1064 1169 1134 peooeto,

252 1152 310 1213 quo
332 1134 502 1213 aliquando
523 1155 626 1215 poene
647 1134 850 1215 significetur,
872 1135 925 1198 sed
947 1137 1172 1216 proimpietete
1277 1205 1281 1211 ,
1373 1167 1374 1218 j

251 1219 385 1296 peeoeti,
409 1236 488 1296 quoe
509 1219 666 1299 estoolpo,
687 1238 759 1278 nem
781 1238 837 1297 pro
859 1218 1042 1279 remittendo
1058 1229 1170 1299 oretur,

252 1320 304 1381 pro
326 1301 460 1361 remisso
481 1303 595 1380 gratias
618 1303 748 1383 agimus.

331 1382 468 1461 QuartO,
490 1384 565 1445 illud
590 1389 618 1448 1.
639 1384 772 1447 Timoth.
799 1391 831 1446 t:
859 1385 954 1445 Venit
971 1385 1062 1445 Jesus
1085 1385 1169 1445 chri·

251 1477 312 1527 stus
334 1476 519 1547 peccatores
539 1469 644 1528 *seiros
667 1468 784 1546 iecere,
816 1486 943 1545 quorum
973 1470 1088 1548 primns
1107 1488 1170 1549 ego

164 1570 165 1615 t
251 1570 331 1630 sum,
355 1570 421 1610 non
445 1550 518 1611 dioit
538 1549 630 1632 iui1),
653 1550 708 1611 sed
729 1570 795 1611 sum
814 1559 970 1630 peoeetor,
988 1554 1079 1611 iuste-
1094 1552 1169 1611 iliud

164 1666 165 1675 κ
251 1634 336 1697 Rom.
362 1638 399 1697 i:
436 1633 523 1711 Soio,
555 1634 637 1713 quod
660 1654 722 1695 non
744 1633 863 1695 habitet
883 1637 915 1694 in
938 1654 1004 1710 me,
1031 1636 1092 1700 hoo
1112 1644 1170 1716 est,

252 1718 281 1775 in
302 1736 490 1796 oernemee,
513 1716 644 1796 bonum,
666 1716 836 1796 quodnolo
854 1718 977 1795 melum,
998 1718 1059 1779 hoo
1079 1719 1170 1780 feoio.
1238 1787 1241 1794 ,

251 1799 302 1860 ut:
324 1800 399 1881 Ego
423 1807 524 1860 sutem
546 1802 676 1861 omentis
699 1820 782 1878 sum,
805 1801 999 1862 venundatus
1021 1800 1078 1863 sub
1099 1820 1170 1881 peo-

164 1920 166 1927 ›
251 1891 336 1962 ueto,
359 1883 407 1943 sio
421 1882 532 1951 (istiu
557 1883 636 1943 Coro
649 1885 997 1964 eououpisoitsdvorsus
1020 1886 1170 1963 spiritum,

252 1974 281 2027 et
303 1968 431 2048 spiritus
452 1966 755 2028 adversusoarnem.
798 1966 841 2026 At
856 1968 1076 2046 oonoupisoere
1097 1986 1170 2028 oon-
1268 2039 1273 2045 .

251 2058 293 2109 tre
314 2051 473 2130 spiritum,
507 2058 666 2131 peeoetum
689 2061 751 2128 est,
783 2051 855 2129 quio
874 2050 1060 2131 prohibitum
1081 2070 1169 2131 pree·

251 2142 342 2213 septo
364 2133 438 2193 Dei:
460 2132 530 2194 Non
548 2135 759 2213 ooneupisoes.
802 2132 904 2208 Quare
926 2133 988 2194 hoo
1008 2142 1170 2214 pensatum

164 2226 166 2309 ᾗ
251 2225 295 2277 est
316 2216 445 2297 proprie
465 2225 644 2295 peoootum,
680 2224 710 2276 et
732 2236 787 2297 por
809 2215 1169 2296 poenitentiumdiluen-

251 2298 342 2377 dum,
378 2300 458 2359 siout
477 2300 567 2361 Rom.
589 2302 618 2363 6.
641 2299 747 2377 dooet,
771 2298 884 2361 destrui
906 2319 1018 2380 eorpus
1039 2303 1168 2381 peooeti,

250 2393 278 2444 et
300 2403 368 2444 non
391 2382 518 2444 obedire
540 2382 699 2444 desideriis
721 2385 832 2445 onmis.
875 2387 917 2445 At
937 2382 1091 2445 deeidonie
1104 2399 1169 2446 απ·

164 2493 165 2496 “
250 2468 294 2526 nis
317 2473 504 2547 posssidet
525 2475 634 2528 oontm
670 2468 771 2548 legem
794 2476 867 2528 suut
885 2468 1038 2547 divinem,
1075 2487 1170 2547 quere

250 2551 442 2629 poenitentia
463 2569 519 2629 pro
540 2553 587 2610 eis
610 2569 688 2630 opus
712 2561 767 2611 est.

331 2632 460 2711 Quinto,
481 2633 553 2694 Luo.
577 2633 634 2698 13:
660 2634 792 2711 Putatis,
821 2633 897 2711 quie
927 2633 985 2713 ipsi
1013 2632 1170 2694 debitores

251 2716 374 2778 suerunt
411 2736 485 2796 pree
507 2716 648 2780 omnibus
679 2715 854 2790 hominibus
881 2716 1105 2776 habitatoribus
1125 2715 1168 2775 ie·

249 2799 405 2861 ruselem?
428 2819 510 2878 non,
531 2798 600 2865 dioo
623 2800 727 2878 vobis,
750 2799 809 2859 nisi
832 2799 1053 2878 poenitentiam
1075 2797 1169 2858 hebu-

250 2885 345 2963 eritis,
371 2901 479 2944 omnes
495 2885 585 2945 simul
599 2884 746 2965 peribitis.
788 2882 881 2962 Eone,
902 2881 1168 2962 omnibuspoeni-
1213 2939 1215 2942 .

250 2967 378 3027 tentiam
401 2966 515 3031 indicit.
557 2968 604 3028 lte
624 2967 734 3031 Lueee.
757 2964 862 3047 24²):
886 2965 1030 3047 Oportnit
1050 2964 1170 3045 praedi

249 3051 310 3111 ouri
332 3051 365 3108 in
388 3051 513 3111 nonnus
532 3053 597 3112 eius
620 3052 841 3132 poenitentiam
864 3049 932 3132 et³)
957 3049 1169 3110 remissionem

249 3143 463 3213 pennatorum,
495 3136 525 3194 in
560 3154 667 3196 omnes
690 3141 810 3216 gentes.
851 3133 940 3194 Eone.
957 3139 1055 3194 totum
1077 3151 1169 3193 even⁴
1235 3165 1239 3172 ·

248 3218 365 3298 getium
383 3217 468 3277 nihil
505 3227 568 3294 est,
605 3237 699 3298 quem
732 3215 921 3298 praediootm
950 3216 1168 3297 poenitentiae.

249 3299 336 3382 Ergo⁴
363 3301 427 3360 vito
448 3302 628 3382 evangelieo
649 3310 697 3362 est
717 3300 802 3360 eliud
823 3300 913 3379 nihil,
948 3319 1041 3379 quem
1063 3301 1170 3379 poeni·
1237 3302 1239 3319 ¹

249 3387 358 3444 tentio.
403 3385 475 3445 ldeo
500 3385 671 3446 Remordus
694 3396 778 3444 reote
799 3383 887 3444 dioit:
915 3383 974 3458 Qui
1000 3402 1064 3442 oon
1093 3385 1169 3444 essi-

249 3467 310 3528 due
330 3466 372 3528 ed
394 3470 616 3548 poeniteutiam
632 3469 766 3544 festinet,
788 3468 870 3528 footo
883 3466 1020 3528 ostendit
1039 3486 1075 3526 se
1095 3487 1169 3546 poe·

164 3541 166 3564 ⁸
250 3551 381 3612 nitentia
402 3569 464 3612 non
485 3571 593 3633 egere,
608 3605 611 3613 ,
626 3553 713 3632 quesi
745 3550 864 3610 soilieet
892 3551 932 3609 sit
952 3550 1047 3630 longe
1068 3549 1170 3611 obser·

174 3661 178 3672 ·
249 3635 418 3716 dissimum,
441 3655 511 3698 esse
532 3635 683 3715 aliquem,
703 3635 754 3714 qui
767 3634 961 3715 poenitentis
982 3652 1044 3693 non
1066 3641 1167 3713 egeat.

332 3719 448 3797 Sexto,
474 3727 540 3782 toto
572 3719 720 3796 ecelesia,
750 3722 829 3776 teste
861 3715 1050 3797 Augustino,
1074 3736 1168 3795 usque
1277 3719 1281 3725 ’

250 3805 280 3864 in
302 3803 397 3864 tinem
420 3804 523 3864 mundi
545 3811 629 3864 oret:
660 3803 788 3864 Dimitte
816 3799 913 3875 nobis·
928 3800 1033 3862 debite
1052 3806 1167 3862 nostre

251 3889 334 3952 Hseo
355 3896 458 3951 sutem
488 3907 550 3949 uox
579 3894 626 3948 est
646 3884 871 3967 poenitentioe,
908 3885 952 3946 ito
973 3892 1006 3945 ut
1026 3884 1163 3944 Christum

289 4066 316 4131 i)
335 4065 367 4116 In
387 4063 534 4129 ed.,orig.:
554 4060 665 4120 tuiti)
687 4059 718 4113 io
736 4055 798 4110 edd.
817 4010 961 4126 eripdzult.
981 4059 1011 4119 3)
1029 4055 1113 4111 ibid-t
1132 4056 1169 4105 in.
