3075 4775
346 542 410 612 208
539 546 697 617 Disputatio
717 546 826 615 Lipsiae
844 545 940 598 habita
956 560 979 598 a
997 544 1059 597 xlx
1091 626 1096 637 ι

346 731 400 792 aad
422 731 549 791 inultum
572 748 633 791 non
656 729 795 808 dimittit3
829 728 905 789 nihil
926 734 1043 810 pugnat
1069 735 1178 789 eontra
1200 746 1262 791 ma.

345 816 507 876 Uioisoitur
529 814 627 893 onim,
660 814 725 873 sive
745 832 811 893 par
825 813 990 893 ipsummet
1010 812 1166 873 hominem
1187 830 1263 873 oon·

345 897 488 974 terendo,
522 899 587 957 sive
608 916 663 977 per
685 896 848 957 eoolosiam
871 894 1080 974 emendando,
1117 896 1184 975 sire
1205 914 1265 975 per

345 1001 379 1041 se
402 983 500 1061 ipsum
522 979 696 1041 iudioando.
739 978 780 1039 ut
808 979 870 1039 hoe
903 979 1041 1039 ultimum
1065 985 1096 1039 et
1128 980 1263 1058 primum

345 1084 442 1145 genus
463 1082 586 1145 poenae
607 1065 638 1133 in
661 1060 773 1122 nullius
792 1062 926 1123 bominis
947 1061 1071 1124 arbitrio
1095 1068 1158 1140 est,
1180 1062 1264 1121 siout

298 1149 313 1177 '
344 1146 514 1227 Apostolus
534 1152 559 1209 1.
574 1146 644 1207 Gur.
666 1149 685 1209 2
707 1145 794 1205 dioit:
819 1144 921 1206 Sinos
936 1146 1021 1225 ipsos
1044 1143 1260 1224 indicaremus,

334 1230 406 1291 ‘non
430 1232 532 1309 utique
554 1228 756 1289 iudicaremur
776 1248 796 1287 a
815 1228 968 1308 Domino,
998 1246 1066 1288 oum
1089 1235 1190 1295 autem
1216 1229 1260 1287 iu-

259 1328 260 1343 *
344 1312 479 1374 dioamur
501 1334 518 1373 a
540 1313 691 1391 Domino,
722 1312 918 1392 corripimur,
953 1318 985 1371 ut
1011 1329 1073 1371 non
1108 1321 1176 1371 aum
1199 1310 1263 1370 hoo

251 1442 255 1453 .
345 1396 457 1457 mundo
480 1396 668 1456 damnemur.
711 1394 755 1455 lbi
778 1394 893 1457 alarum
915 1401 972 1472 est,
995 1394 1152 1474 quomodo
1174 1394 1261 1454 Deua

343 1499 476 1560 poenam
498 1480 641 1558 requirat,
663 1484 694 1538 et
715 1496 779 1537 non
801 1479 944 1557 requirat.

406 1562 558 1639 xQuarto,
595 1561 800 1641 Augustinum
831 1581 887 1641 per
907 1560 1085 1621 Gratianum
1118 1558 1262 1638 relatum,

344 1645 426 1724 quod
451 1646 532 1705 Deus
555 1661 618 1705 non
639 1647 832 1725 permitteret
864 1644 978 1703 malum
1000 1640 1083 1721 fieri,
1112 1642 1170 1702 nisi
1204 1662 1262 1723 per

294 1732 298 1740 ’
343 1729 489 1788 iustitiam
512 1727 588 1787 illud
601 1726 772 1788 ordinando
795 1727 904 1787 molius
925 1733 1007 1787 stare
1019 1726 1142 1787 sanaret:
1165 1726 1263 1785 miror

344 1812 380 1871 D.
403 1812 439 1871 D.
463 1810 546 1891 quod
567 1810 629 1885 has¹
647 1819 678 1871 et
701 1810 815 1871 similes
837 1810 1019 1871 autoritates
1041 1811 1085 1869 ita
1104 1809 1262 1869 oonsaroi·

344 1901 413 1972 nat,
444 1912 512 1953 oum
535 1914 626 1955 nemo
649 1912 702 1954 eas
725 1900 836 1974 neget,
865 1900 920 1953 aut
940 1894 1124 1955 eontrarium
1146 1892 1259 1972 sapiat.

344 1977 410 2057 Ego
433 1979 514 2038 enim
536 1977 598 2037 hoo
618 1978 717 2038 solam
740 1977 917 2058 impugnavi
938 1994 1076 2056 semper,
1099 1974 1180 2054 quod
1203 1975 1262 2034 vir·

344 2066 408 2120 tute
427 2060 560 2121 ‘clavium'
583 2063 697 2121 iactant
718 2061 797 2120 solvi
811 2095 813 2112 ι
824 2080 942 2140 poenas
971 2079 1027 2139 per
1047 2060 1192 2119 iustitiam
1216 2055 1261 2117 di-

345 2144 445 2207 vinam
467 2144 637 2222 requisitas.¹
679 2144 747 2203 Hoo
769 2144 850 2204 enim
868 2162 931 2203 non
945 2143 1038 2203 oredo
1052 2159 1120 2203 esse
1142 2159 1260 2216 verum,

345 2246 402 2286 neo
424 2226 609 2306 probabitur.
633 2227 702 2288 Non
715 2228 799 2287 >enim
821 2226 899 2287 dixit
909 2225 948 2287 ad
962 2223 1141 2306 Petrum*):
1164 2224 1263 2299 Quod

344 2329 403 2391 ego
426 2310 503 2390 ligo,
543 2316 574 2369 tu
595 2312 712 2390 solves,
734 2309 1040 2389 seeritodounque
1062 2316 1094 2370 tu
1117 2308 1260 2384 solveris,-

344 2395 476 2454 soiutum
499 2395 564 2455 orit.
861 2467 864 2473 Ι
1193 2418 1195 2425 ·
1278 2409 1283 2421 ‘

428 2476 558 2556 Quinto,
591 2476 665 2538 illud
693 2477 732 2538 de
753 2478 964 2558 poenitentioe
986 2471 1153 2536 medisina:
1185 2475 1260 2536 Non

344 2559 456 2620 suffieit
476 2579 577 2621 mores
599 2563 630 2620 in
653 2561 761 2621 melius
784 2560 981 2637 commutari,
1008 2561 1067 2620 nisi
1093 2559 1186 2620 etiam
1210 2577 1259 2618 sa·

344 2644 476 2703 tisiaoiat
497 2644 583 2720 Deo,
606 2643 645 2705 de
665 2645 702 2704 iis
726 2661 805 2723 quae
827 2644 909 2704 faeta
930 2649 1000 2703 sunt
1021 2662 1077 2723 per
1097 2642 1259 2722 poeniteu-

344 2728 405 2786 tiae
427 2726 578 2805 dolorem,
600 2747 657 2807 por
678 2727 856 2787 humilitatis
878 2728 1036 2807 gemitum,
1057 2745 1113 2805 per
1134 2726 1261 2785 contriti

255 2871 259 2880 x
316 2809 444 2870 ,sordis
466 2808 656 2874 saorifioium.
699 2811 785 2872 Haeo
805 2812 911 2870 omnia
929 2828 989 2891 ego
1011 2827 1103 2888 quam
1125 2809 1262 2868 maxima

344 2894 426 2953 volui
462 2913 603 2974 semper,
635 2893 760 2973 utquid
789 2912 863 2974 ergo
899 2913 954 2973 per
973 2892 1179 2973 indulgentias
1201 2893 1263 2952 ista

343 2978 494 3037 iactantur
515 2978 644 3053 remitti,
676 2979 702 3036 si
725 2996 787 3037 non
810 2975 939 3053 suffieit,
973 2995 1074 3038 mores
1095 2977 1126 3034 in
1149 2974 1261 3035 melius

344 3066 548 3139 commutare,
571 3065 602 3121 et
623 3060 727 3121 divina
748 3061 864 3128 iustitia
884 3061 940 3120 has
962 3060 1100 3138 requirat
1121 3058 1282 3120 satisfac-‘o

344 3144 464 3203 tionesi
486 3143 609 3207 Frustra
630 3163 704 3224 ergo
725 3144 874 3224 gloriatur
895 3144 932 3204 D.
947 3143 982 3203 D.
1006 3142 1095 3223 quod¹
1111 3159 1173 3202 non
1196 3141 1261 3201 ‹iio-

345 3235 407 3286 tum
429 3228 477 3304 sit,
501 3226 584 3305 quod
607 3235 722 3287 tantum
736 3228 915 3288 abstineatis
937 3245 957 3286 a
978 3226 1123 3306 pennatis,
1147 3223 1202 3284 sed
1220 3223 1261 3284 de

343 3310 513 3396 praeteritis
535 3309 701 3391 deprecare
725 3311 900 3372 Dominum.
942 3309 984 3369 lit
995 3310 1039 3370 sio
1058 3313 1152 3388 patet,
1174 3307 1261 3387 qnod

344 3393 443 3454 adhue
466 3395 550 3454 nulla
563 3395 847 3474 Scripturaoontra
863 3413 911 3454 me
932 3392 1066 3454 adducta
1086 3396 1143 3469 eat,
1165 3409 1263 3470 quan-

344 3496 434 3556 quam
463 3497 522 3558 ego
556 3495 680 3558 possem
712 3476 807 3538 multo
839 3477 981 3538 tortiores
1010 3474 1157 3536 inducero
1188 3493 1264 3535 oon·

345 3567 391 3621 tra
411 3581 469 3622 me.
583 3602 585 3608 ι
633 3603 635 3610 <
863 3579 867 3587 ’

427 3646 502 3706 Post
522 3645 616 3724 haec,
639 3643 763 3704 adduoit
786 3644 991 3724 Augustinum
1012 3643 1043 3701 in
1061 3634 1262 3705 Euchiridio:
1340 3659 1343 3665 ·

343 3728 435 3788 Dolet
469 3729 593 3792 mnnino
625 3728 702 3788 haee
736 3729 834 3788 oratio
864 3728 990 3787 minima
1017 3731 1048 3784 et
1081 3723 1265 3803 quotidiana

344 3818 488 3891 peecata,
524 3811 608 3870 delet
628 3819 659 3871 et
680 3810 749 3890 ilia,
778 3830 797 3870 a
820 3809 928 3889 quibus
950 3810 1012 3868 vita
1034 3806 1169 3867 fidelium
1196 3826 1264 3867 see·

343 3895 439 3954 lenate
460 3901 558 3974 gesta,
581 3892 635 3954 sed
657 3893 847 3974 poenitendo
865 3894 896 3953 in
920 3892 1028 3955 melius
1051 3897 1168 3952 mutata
1201 3897 1263 3952 eto.

383 4091 412 4152 r)
433 4085 525 4138 uasti.
545 4080 587 4140 16.
