3075 4775
428 1287 683 1410 Disputatio
698 1293 759 1384 ‘ot
786 1289 1023 1386 Exonsotio

324 1483 354 1549 1³.
376 1478 515 1548 norton
535 1477 671 1544 Irniheri
693 1477 850 1545 adversus
874 1479 1115 1545 orimiootionos

558 1561 593 1628 D.
615 1561 772 1627 Johonnis
792 1561 889 1630 Eooii

629 1717 838 1728 -—-—-

565 1833 897 1899 Praefatio.

345 1988 524 2071 Disputatio
547 2007 574 2048 o.
601 1990 680 2052 1519
704 1987 744 2048 de
764 1987 816 2048 die
844 1990 894 2052 27.
923 2007 963 2052 ιιι.
985 1988 1068 2049 Junii
1091 2006 1189 2068 nsque

268 2074 305 2135 od
333 2074 413 2135 diem
443 2076 492 2136 15.
515 2089 556 2134 m.
590 2069 663 2131 dolii
691 2071 817 2152 Lipsiae
837 2070 957 2152 habito,
991 2090 1082 2150 quom
1105 2071 1188 2131 voln-

266 2159 328 2218 isse
347 2157 512 2238 plurimum
535 2161 658 2214 constet
678 2161 739 2214 tom
764 2156 801 2214 ad
825 2173 982 2216 sooromm
998 2155 1189 2216 reformatio·

268 2261 338 2302 nem
358 2236 604 2320 promovendam
641 2255 731 2318 quom
759 2237 798 2298 sd
826 2237 950 2299 Lutheri
980 2238 1095 2320 ingenii
1116 2237 1188 2298 doe

267 2325 426 2404 trinaeque
449 2322 531 2381 vires
554 2330 585 2381 et
606 2319 764 2403 augendos
789 2328 823 2382 et
843 2321 1008 2401 oenendas,
1031 2323 1092 2383 ism
1116 2320 1188 2382 inde

266 2427 287 2468 o
307 2426 414 2467 mense
436 2404 564 2466 Octobri
588 2406 710 2470 &1518
734 2406 773 2465 ob
797 2406 973 2467 auctoribus
996 2412 1099 2465 mente
1122 2411 1189 2465 eret

267 2498 427 2570 oonoepss.
470 2488 558 2549 Tuno
579 2490 660 2563 enim
691 2488 803 2548 Eooios
834 2491 990 2571 Angustos
1012 2487 1188 2549 Vindelico-

266 2594 333 2634 rum
354 2591 422 2634 oum
444 2572 576 2633 Luthero
598 2579 706 2652 pactus
729 2579 795 2652 est,
823 2580 858 2633 ut
879 2572 1126 2635 carolosiodinm
1148 2570 1187 2632 od

267 2657 506 2737 disputationem
528 2674 632 2715 seoum
654 2656 819 2716 ineundam
842 2664 1037 2737 permoveret
1060 2656 1115 2731 (of.
1133 2656 1187 2715 Lu-

267 2740 343 2803 iheri
365 2740 445 2820 Epp.
468 2738 516 2800 ed.
530 2739 569 2799 de
586 2738 690 2799 Weito
711 2739 764 2819 lp.
776 2743 871 2819 17η),
883 2742 954 2803 216.
966 2742 1037 2803 249.
1059 2745 1090 2799 ei
1106 2737 1188 2800 Cori-

267 2823 356 2885 stodii
391 2822 570 2883 Defension.
608 2821 677 2883 adv.
711 2822 795 2882 Eooii
829 2822 1121 2898 monomachiam)
1155 2823 1187 2881 in

267 2906 399 2971 Loesoh.
422 2906 556 2966 Reform.
580 2906 645 2966 Aoti
671 2904 714 2981 11,
735 2926 765 2986 p.
791 2907 881 2985 158),
904 2913 935 2966 et
956 2904 1105 2965 Lutheruo
1128 2904 1188 2963 Au-

267 2998 358 3071 gusto
381 2989 635 3069 Witiembergnm
657 3008 798 3049 reversus
821 2988 851 3050 d.
875 2993 923 3053 15⁴.
940 3008 981 3049 ιιι.
1002 2984 1188 3048 Novembris

268 3093 295 3138 o.
320 3074 400 3138 1518
422 3072 492 3133 Joh.
515 3071 626 3149 Ennio,
658 3070 911 3152 ingolstadiensis
942 3070 1035 3133 studii
1055 3069 1187 3131 Procon-

269 3156 412 3234 oellsrio,
448 3156 585 3215 nuntium
607 3154 722 3233 reddit,
753 3154 970 3217 Corolostodio
993 3154 1133 3236 plaeere,
1155 3160 1189 3214 ut

268 3239 319 3299 vel
352 3239 484 3320 Lipsism
519 3238 568 3298 vel
599 3238 771 3301 Erfordiam
802 3240 1020 3320 oonrenirent,
1057 3241 1189 3319 eumque

269 3328 392 3402 peiere,
427 3328 461 3381 ut
489 3320 599 3397 Eooius
621 3322 688 3401 ipse
710 3321 790 3382 diem
814 3321 1014 3403 praefigeret,
1050 3324 1112 3404 q'uo
1134 3340 1188 3382 ne·

269 3424 356 3467 oesse
377 3411 460 3466 esset
481 3406 663 3483 eonvenire,
697 3406 789 3466 simul
817 3413 849 3467 et
874 3405 995 3486 loonm,
1027 3412 1127 3467 utrum
1149 3423 1189 3466 ex

322 3646 353 3713 ⁸)
374 3642 455 3713 „Quo
480 3646 510 3697 fit
537 3650 568 3697 ut
594 3650 684 3697 tecum
705 3659 800 3698 oorsm
818 3644 952 3714 congredi
972 3662 1076 3699 versor.
1115 3645 1191 3699 Aoo

377 3733 439 3769 men
460 3716 551 3769 dsiis
570 3716 755 3785 impensis,
790 3717 813 3769 oi
833 3723 894 3770 tuto
911 3718 952 3770 iro
969 3718 1047 3783 linet,
1074 3719 1103 3771 in
1123 3734 1188 3773 oro·

375 3804 439 3844 nom
459 3796 550 3841 tecum
571 3787 756 3855 descendam,
775 3787 826 3840 sed
847 3804 882 3841 eo
898 3788 979 3858 lege,
999 3799 1029 3843 ut
1048 3792 1191 3859 utriusque

377 3865 404 3913 ei
422 3866 587 3929 argomento
611 3866 638 3913 et
656 3860 812 3914 solutiones
831 3860 917 3914 iidis
937 3859 1117 3916 dictent'ur
1135 3878 1191 3931 no·¹

376 3930 511 3984 toriis.“
553 3930 629 3985 Haeo
649 3930 835 3987 Corolostadii
865 3932 997 3987 Defensio
1022 3933 1084 3985 adv.
1115 3930 1190 3983 Ecoii

375 4002 599 4057 monomachiam
618 4005 646 4055 in
665 4004 765 4072 vulgus
787 4004 861 4056 edito
887 4008 929 4057 est
952 4020 1047 4057 mense
1068 4002 1189 4071 septem-

297 4162 388 4203 onnon
402 4173 452 4213 opp.
467 4162 536 4206 ιιι.
552 4164 581 4203 ιι
595 4163 635 4203 ror.
650 4162 701 4203 nm,
717 4164 732 4203 ι.
747 4174 768 4213 p.
784 4164 833 4204 vor.
846 4163 887 4202 111.
1004 4140 1025 4207 1
