3075 4775
529 552 600 604 nun
621 551 655 605 us
674 538 811 620 possesne
830 552 929 619 rapae.
966 532 999 623 ’,
1132 546 1196 615 341

231 776 235 780 ,
275 738 366 813 stum,
389 736 442 814 qui
463 751 533 795 oum
553 737 656 797 ouum
678 742 801 797 enarum
819 736 928 796 'miratu
945 734 1037 796 Petro
1061 736 1198 797 commit-

276 825 370 895 teret,
393 818 603 880 oouditionem
626 821 789 900 apposnit,
813 818 932 879 disens:
957 818 989 880 Si
1013 818 1115 899 diligis
1138 838 1196 898 ure,

274 918 372 981 pssoe
393 917 469 963 oves
499 917 584 963 meas
617 910 676 963 ets.
719 902 810 963 Adeo
840 902 972 982 persulsi
1001 910 1072 962 sunt
1093 902 1198 983 Papae

274 991 308 1044 st
327 984 491 1046 Romarm
512 988 615 1046 ennae
636 1003 782 1066 proceres
817 986 906 1045 unius
933 984 1022 1045 huius
1056 986 1196 1066 episcopi

275 1068 537 1149 iuterrogotioue,
559 1076 607 1149 ut,
636 1069 709 1149 quid
730 1069 971 1150 responderent,
994 1068 1198 1129 noninveni-

275 1158 363 1226 rent,⁴
388 1150 491 1211 dones
511 1151 642 1232 Spiritus
663 1153 787 1213 Domini
819 1170 874 1213 eos
898 1152 957 1212 huo
983 1158 1113 1230 rotaret,
1144 1151 1195 1211 ubi

275 1232 420 1295 omuibus
452 1236 668 1312 ostenderent,
703 1236 734 1295 iu
762 1236 833 1315 iege
855 1234 979 1298 Domini
1008 1250 1068 1295 nes
1088 1234 1195 1295 voiun-

275 1323 382 1394 tatem,
404 1336 463 1378 neo
483 1318 715 1379 meditationem
738 1320 783 1380 eis
805 1318 907 1381 inisse.
952 1317 1051 1398 Agom
1074 1318 1195 1378 interim

166 1425 167 1434 ¹
226 1474 230 1481 Ι
276 1406 382 1479 partes
403 1401 637 1483 arehiepiscopi.

314 1482 535 1565 Siexempium
547 1484 659 1547 Christi
670 1485 783 1566 placet,
806 1484 928 1543 etvelet
941 1483 1021 1563 apud
1046 1489 1085 1561 te,
1108 1483 1195 1543 oPuss

275 1566 400 1643 sobolis,
423 1586 477 1627 our
491 1587 554 1629 non
570 1569 719 1629 imitatio?
739 1567 773 1627 si
786 1583 848 1627 non
861 1566 973 1647 planet,
994 1586 1047 1627 our
1057 1566 1196 1646 odduois,

275 1657 370 1710 sorta
382 1668 505 1730 quoque
516 1668 578 1711 non
592 1659 756 1712 oonteutus
768 1668 927 1729 quaerere,
941 1668 980 1711 uu
994 1650 1103 1732 diliget
1114 1650 1197 1712 Chri-

274 1739 373 1812 stum,
396 1734 463 1794 sine
484 1737 657 1795 iuramento
678 1734 844 1795 summittis
867 1752 942 1793 oves
965 1733 1098 1795 Christi?
1120 1735 1196 1795 (inm

274 1816 399 1897 plooeat
415 1818 604 1898 exemplum,
626 1836 680 1879 enr
702 1833 763 1878 uon
779 1812 893 1877 suffieit
914 1822 946 1877 et
967 1817 1126 1885 conditio?
1148 1817 1196 1877 Au

275 1898 387 1959 melior
416 1907 448 1960 et
483 1902 620 1962 souotior
652 1909 700 1962 est
739 1900 877 1961 eonditio
911 1900 1072 1959 iuramenti
1105 1915 1195 1979 quarn

274 1982 412 2043 amoris?
433 1982 482 2043 An
506 1984 594 2064 plura
616 2002 722 2065 speras
744 2000 814 2044 eum
838 1982 1004 2061 tenturum,
1034 1984 1088 2062 qui
1109 1997 1197 2043 eoae

276 2067 440 2145 insinuat,
471 2084 563 2145 qnam
591 2070 643 2146 qui
665 2074 779 2149 sponte
800 2065 907 2126 onusti
942 2064 1079 2126 Christus
1102 2066 1197 2127 solvit

242 2214 248 2225 ,
274 2148 397 2211 Petrum
433 2150 545 2231 siege
574 2160 605 2211 et
636 2170 657 2211 a
689 2150 853 2211 conedoue
884 2150 948 2208 voti
971 2154 1002 2209 et
1019 2150 1198 2228 juramenti,

275 2232 376 2293 solam
400 2231 553 2294 libertatis
569 2241 604 2294 et
624 2234 761 2295 esritstis
785 2234 815 2291 in
840 2251 878 2293 eo
892 2233 1011 2313 quaerit
1032 2231 1135 2293 fidem.
1157 2232 1198 2292 its

275 2315 501 2376 tuiitertatem
525 2317 648 2396 totiens,
670 2317 741 2398 iege
762 2316 924 2377 iuramenti
940 2316 1047 2398 sugis?
1069 2316 1128 2377 Ubi
1152 2322 1199 2377 est

274 2399 451 2479 exemplum
475 2400 612 2461 Christi?
643 2402 695 2462 ubi
718 2397 906 2461 conditionis
929 2397 1119 2461 similitudo?
1141 2399 1198 2460 uss

275 2501 330 2562 per
350 2481 489 2560 verbum,
513 2485 649 2565 diligere,
672 2483 906 2564 intelligendam
929 2483 1156 2543 iuramentum?
1191 2495 1194 2502 ’

357 2564 512 2644 Numquid
535 2567 674 2627 Christus
703 2586 723 2627 a
745 2567 837 2627 Petro
865 2568 1069 2626 iuramentum
1092 2565 1198 2646 exegit

275 2666 332 2731 pro
354 2649 496 2709 Romana
518 2650 674 2711 eeoiesiei
705 2649 788 2726 Quid
816 2649 877 2710 hoo
906 2648 944 2707 sd
977 2665 1053 2708 ores
1076 2649 1196 2724 Christi,

275 2731 359 2814 quod
381 2730 435 2791 tibi
458 2734 573 2793 inrstur
593 2733 894 2795 eteoolesieetusei
916 2731 1001 2792 Tuse
1020 2737 1091 2790 sunt
1112 2749 1197 2809 oves,

275 2837 314 2877 sn
338 2813 472 2876 Christi?
501 2815 613 2897 Astu,
650 2818 766 2896 optime
788 2816 895 2892 Peter,
917 2833 955 2875 sn
979 2815 1131 2874 Christum
1155 2813 1197 2873 dt:
1294 2851 1299 2860 ·

275 2899 362 2979 ligat,
382 2915 510 2977 prorsus
531 2899 605 2959 nihii
627 2917 726 2977 ouras,
749 2899 855 2959 sordet
876 2898 954 2958 haee
977 2897 1041 2977 tibi,
1061 2902 1097 2956 nt
1119 2897 1197 2956 viiia·

275 2984 355 3042 simo
370 2980 516 3060 oonditio,
537 2981 593 3043 tibi
608 2993 641 3042 ut
652 2981 752 3043 fidelis
775 2984 824 3053 sit,
836 2982 1009 3042 iuramento
1023 2979 1198 3060 adstringis3

275 3066 378 3125 sdhuo
390 3070 451 3124 stst
466 3063 668 3147 interrogatio
684 3065 921 3146 arehiepiooopi‚
933 3083 996 3126 non
1012 3062 1197 3125 satisfecisti.

361 3147 471 3208 Adhno
501 3152 671 3227 quaeritur:
705 3146 775 3223 Quo
810 3150 876 3208 iure
907 3148 987 3206 hano
1017 3145 1196 3206 fidelitatem

276 3232 488 3310 extorqueas?
511 3232 578 3292 Tua
598 3234 761 3312 responsio
780 3231 961 3312 profundius
984 3236 1014 3290 te
1035 3231 1146 3310 mergit
1168 3238 1200 3290 ot

276 3316 371 3396 oepit.
414 3314 553 3395 Deinde,
580 3317 643 3393 oui,
675 3333 807 3393 quaeso,
840 3322 872 3375 tu
893 3317 975 3374 iuras
997 3311 1199 3374 fidelitatem?
1226 3379 1234 3386 ,

277 3400 338 3461 eur
368 3398 443 3458 iacis
465 3405 498 3458 et
518 3400 652 3479 imponis
673 3398 761 3458 alteri
783 3416 877 3474 onus,
911 3396 992 3476 quod
1015 3395 1113 3478 digito
1135 3404 1198 3456 nott

278 3484 323 3542 sis
346 3499 483 3559 movere,
506 3488 615 3542 eontra
636 3489 668 3543 et
688 3482 845 3541 oaritatern
870 3487 902 3540 et
924 3480 1023 3560 legem
1046 3480 1200 3540 naturaei

361 3562 498 3643 Deinde,
537 3564 638 3625 adhue
669 3566 809 3644 quaestio
844 3565 935 3625 etism
965 3563 1019 3622 ilia
1041 3569 1117 3624 stete
1139 3563 1200 3624 Onr

276 3646 501 3730 praesedentes
511 3647 675 3728 pontiiiees
696 3665 760 3709 non
783 3653 953 3727 exegerunt
974 3645 1199 3707 iuramentum?

278 3733 340 3792 Gur
361 3731 415 3791 aiii
436 3748 500 3791 nou
523 3731 763 3810 praestiterunt?
786 3730 866 3790 unde
879 3731 1032 3790 novsists
1054 3727 1199 3790 exactio?

278 3815 333 3874 Vis
355 3813 478 3874 dinem?
500 3813 548 3873 Ex
568 3815 669 3875 maine
690 3814 762 3874 iidei
784 3831 930 3894 possessa
951 3816 1105 3893 potestate
1127 3829 1199 3873 uon·

234 3933 239 3938 ·
279 3899 407 3959 seientia
428 3899 546 3975 metuit,
567 3896 963 3978 iustitianonsuffrogatur.
1010 3898 1083 3958 ideo
1107 3914 1197 3974 quae·

277 3983 350 4043 ritur
371 3986 527 4060 uteunque
548 3982 693 4043 solatium
716 3988 748 4042 et
767 3979 1003 4042 firmamentum.

358 4063 466 4145 Itsque
487 4062 580 4127 hodie
600 4063 774 4148 pontifiosri
807 4081 871 4125 nou
901 4063 987 4142 lieet,
1020 4063 1080 4124 uisi
1111 4061 1193 4122 iures
