3075 4775
438 532 866 606 v1.0muoquomodomp.
886 551 910 590 a
930 534 966 589 ui
984 553 1022 593 m.
1126 533 1190 602 453

265 721 343 782 bunt
363 710 603 802 perpetrante
623 723 696 784 dnm
717 726 848 804 vixeris,
871 731 904 785 et
923 723 997 787 aiibi
1017 733 1091 806 post
1111 745 1189 788 mor·
1207 757 1209 762 ·

265 811 329 865 tem
349 806 381 865 in
403 807 469 866 vita
490 812 626 867 aeterua

264 970 318 1032 vl.
340 971 490 1033 concio
511 973 717 1052 Quomodo
746 975 801 1034 sit
820 974 1019 1054 parandus
1042 977 1189 1036 animus

608 1055 656 1117 ad
677 1065 849 1118 mortem.

347 1221 450 1283 Primo
470 1241 555 1284 mors
578 1231 626 1282 est
645 1223 736 1282 huius
757 1225 840 1284 vitae
863 1225 1061 1304 omniumque
1083 1224 1187 1284 huma

265 1322 375 1366 norum
399 1323 527 1384 operum
548 1305 628 1367 tinis.
671 1307 809 1368 Necesse
829 1309 921 1387 igitur
943 1314 1006 1381 est,
1040 1314 1074 1366 ut
1095 1325 1188 1385 quau-

265 1395 330 1447 tum
351 1387 391 1448 ud
412 1388 551 1449 fortunus
572 1390 698 1467 attinet,
731 1409 789 1451 sua
816 1390 900 1452 bona
921 1393 1129 1469 unusquisque
1151 1392 1188 1449 iis

265 1470 406 1552 deleget,
435 1489 514 1550 quos
536 1479 567 1532 et
588 1471 675 1553 leges
697 1481 729 1534 et
749 1493 806 1534 sua
828 1473 971 1534 voluntas
993 1473 1100 1534 iubent
1121 1493 1186 1534 suo·

265 1553 394 1633 cedere,
422 1574 464 1614 ne
494 1555 599 1634 aliqua
619 1556 759 1636 litigandi
783 1563 814 1618 et
834 1556 1043 1618 contendendi
1065 1558 1188 1618 occasio

258 1638 456 1717 neunqnatur
488 1640 737 1717 successoribus,
769 1639 809 1700 ad
852 1659 930 1718 quos
963 1640 1064 1700 redire
1098 1640 1190 1700 debet

263 1720 449 1782 haereditas.
491 1721 549 1782 Est
576 1729 680 1782 autem
708 1722 788 1784 hoec
815 1730 945 1783 externa
967 1731 999 1782 et
1020 1723 1189 1802 corporalis

265 1803 418 1884 quoedam
439 1805 529 1881 ratio,
552 1824 614 1882 qua
634 1805 781 1865 mundum
803 1805 982 1883 deserimus,
1006 1812 1039 1866 et
1060 1806 1189 1869 dicimus

263 1887 335 1947 vale
356 1887 551 1948 facultatibus
572 1894 605 1948 et
625 1888 755 1949 fortunis
777 1891 901 1949 nostris.

352 2003 514 2081 Secundo,
548 2013 596 2065 est
617 2014 718 2065 autem
741 2006 803 2065 alia
825 2005 977 2085 quaedam
1001 2007 1094 2084 ratio,
1129 2024 1189 2085 qua

266 2087 413 2167 mundum
435 2088 620 2165 deserimus,
647 2107 739 2167 quam
761 2090 952 2170 spiritualem
975 2089 1134 2168 appellare
1156 2089 1189 2147 li-

264 2178 330 2249 cet,
354 2177 388 2231 ut
406 2177 532 2251 propter
553 2173 653 2232 Deum
675 2171 887 2233 condonemus
910 2173 994 2251 aliis,
1017 2174 1041 2232 si
1064 2172 1136 2251 quid
1158 2174 1189 2231 in

265 2274 324 2315 uos
347 2256 564 2317 commiserint.
606 2256 683 2316 Item
706 2262 739 2316 ut
759 2257 895 2316 vicissim
918 2276 975 2315 nos
998 2275 1121 2335 quoque
1142 2274 1190 2316 ro-

263 2357 374 2421 gemus
399 2339 520 2398 veuiam
533 2339 571 2399 ab
585 2340 631 2417 iis,
655 2357 733 2419 quos
755 2341 814 2419 ipsi
841 2337 1034 2419 offendimus,
1057 2338 1107 2399 vel
1129 2359 1189 2399 ma-

265 2421 304 2481 iis
326 2420 488 2501 exemplis,
511 2422 562 2481 vel
584 2422 781 2500 quodminus
795 2422 979 2499 officiorum,
1003 2442 1093 2501 quam
1118 2441 1189 2481 con-

265 2504 427 2581 veniebat,
459 2506 490 2564 in
522 2505 607 2585 ipsos
642 2506 872 2578 contulerimus,
916 2504 1073 2564 Habemus
1108 2506 1189 2563 enim

266 2587 324 2647 Dei
348 2587 542 2666 mandatum,
570 2596 603 2647 ut
624 2589 676 2648 alii
697 2587 765 2647 aliis
788 2588 899 2656 mutuis
922 2587 1056 2647 caritatis
1080 2586 1189 2647 officiis

265 2670 412 2750 adsimus,
433 2670 504 2731 ideo
526 2679 629 2732 autem
651 2670 712 2731 hoc
729 2688 853 2750 quoque
867 2670 1038 2749 requiritur,
1060 2670 1190 2748 nequid

265 2750 465 2833 relinquatur,
487 2754 570 2833 quod
593 2755 815 2814 conscientiam
838 2772 967 2833 gravare
988 2754 1096 2832 possit.

348 2871 471 2951 Tertio,
492 2877 656 2952 postquam
679 2873 723 2932 ita
746 2870 887 2932 omnibus
909 2870 1084 2931 hominibus
1107 2870 1186 2929 vule-

145 2999 146 3032 3
189 2948 192 2953 ’
265 2955 398 3033 dixeris,
432 2962 496 3015 tum
524 2956 556 3015 in
578 2954 678 3015 solum
700 2954 800 3015 Deum
823 2952 979 3034 defigendi
1001 2960 1073 3013 sunt
1097 2954 1189 3013 oculi.

145 3069 146 3074 1
264 3038 345 3099 Nam
381 3037 419 3097 ad
448 3057 519 3098 eum
551 3056 674 3117 quoque
705 3057 765 3099 nos
798 3056 854 3117 per
882 3044 1012 3099 mortem
1042 3036 1189 3097 ducimur.

265 3121 322 3182 Est
338 3126 444 3201 autem
463 3120 543 3182 haec
563 3127 696 3202 angusta
717 3119 770 3181 iiia
793 3128 900 3200 porta,
923 3129 953 3180 et
973 3126 1059 3195 arcta
1081 3120 1191 3179 semita

266 3204 307 3265 ad
329 3205 433 3282 vitam,
452 3223 520 3265 eam
543 3202 736 3265 confidenter
756 3202 964 3285 ingrediamur
982 3222 1110 3263 necesse
1133 3210 1189 3264 est.

265 3286 413 3361 Quamvis
436 3288 517 3347 enim
541 3295 626 3347 arcta
646 3288 687 3348 sit
707 3287 892 3366 illasemita,
915 3294 1086 3347 esttamen
1109 3304 1190 3346 com-

265 3369 426 3451 pendiaria
447 3378 479 3431 et
499 3370 611 3431 brevis.

349 3476 391 3536 Et
411 3476 671 3555 quemadmodum
704 3477 778 3536 satis
809 3494 922 3555 magno
952 3492 1020 3534 oum
1052 3475 1189 3553 periculo

266 3580 344 3641 puer
364 3580 405 3620 ex
432 3560 488 3620 illa
517 3567 649 3640 angusta
672 3559 801 3621 materni
830 3558 907 3619 uteri
934 3556 1045 3618 cellula
1075 3558 1105 3617 in
1128 3578 1189 3617 am-

266 3645 350 3724 ptum
372 3642 433 3703 hoc
453 3649 485 3703 et
496 3642 661 3703 iucundum
684 3642 765 3703 coeii
788 3640 1012 3717 tancredum,
1036 3640 1189 3701 sichomo

266 3746 324 3807 per
342 3726 428 3786 iliam
452 3727 559 3786 mortis
574 3732 694 3805 portam
717 3744 756 3786 cx
779 3724 837 3785 hac
851 3724 962 3785 misera
984 3724 1097 3784 vitain
1122 3740 1189 3803 per·

267 3817 392 3890 petuam
417 3811 511 3870 vitam
539 3810 702 3890 immigrat.
746 3806 787 3869 ut
819 3824 991 3888 quanquam
1021 3807 1081 3868 hoo
1110 3805 1188 3865 coeli

268 3894 411 3973 spatium,
432 3894 463 3953 in
486 3912 546 3973 quo
568 3893 629 3953 iam
653 3892 793 3969 vivimus,
816 3890 887 3951 item
911 3888 964 3951 illa
987 3898 1085 3951 terrae
1108 3908 1188 3969 mag·

267 3975 376 4037 nitudo
399 3978 473 4036 satis
495 3975 600 4056 amplo
620 3974 790 4053 videantur,
814 3980 898 4036 tauto
921 3982 1021 4035 tamon
1044 3978 1113 4032 sunt
1137 3970 1189 4031 mi·

267 4079 346 4122 nora
367 4064 399 4121 et
419 4059 610 4141 angustiora,
643 4059 668 4120 si
690 4056 728 4121 nd
750 4057 868 4120 tuturos
889 4056 996 4119 coelos
1017 4070 1188 4137 comparor,
