<?xml version="1.0" encoding="UTF-8"?>
<!DOCTYPE html PUBLIC "-//W3C//DTD XHTML 1.0 Transitional//EN"
    "http://www.w3.org/TR/xhtml1/DTD/xhtml1-transitional.dtd">
<html xmlns="http://www.w3.org/1999/xhtml" xml:lang="en" lang="en">
 <head>
  <title>
</title>
<meta http-equiv="Content-Type" content="text/html;charset=utf-8" />
  <meta name='ocr-system' content='tesseract 3.04.00' />
  <meta name='ocr-capabilities' content='ocr_page ocr_carea ocr_par ocr_line ocrx_word'/>
</head>
<body>
  <div class='ocr_page' id='page_1' title='image "./operalatinavari02schmgoog_0387.png"; bbox 0 0 3075 4775; ppageno 0'>
   <div class='ocr_carea' id='block_1_1' title="bbox 526 534 1187 609">
    <p class='ocr_par' dir='ltr' id='par_1_1' title="bbox 526 534 1187 609">
     <span class='ocr_line' id='line_1_1' title="bbox 526 534 1187 609; baseline 0.005 -18"><span class='ocrx_word' id='word_1_1' title='bbox 526 538 597 594; x_wconf 80' lang='lat' dir='ltr'><strong>xnt</strong></span> <span class='ocrx_word' id='word_1_2' title='bbox 614 537 649 593; x_wconf 85' lang='lat' dir='ltr'><strong>ds</strong></span> <span class='ocrx_word' id='word_1_3' title='bbox 666 544 805 609; x_wconf 77' lang='lat' dir='ltr'><strong>potestate</strong></span> <span class='ocrx_word' id='word_1_4' title='bbox 825 540 924 607; x_wconf 76' lang='lat' dir='ltr'><strong>Papae.</strong></span> <span class='ocrx_word' id='word_1_5' title='bbox 1127 534 1187 601; x_wconf 83' lang='lat'><strong>381</strong></span> 
     </span>
    </p>
   </div>
   <div class='ocr_carea' id='block_1_2' title="bbox 268 718 1192 1469">
    <p class='ocr_par' dir='ltr' id='par_1_2' title="bbox 268 718 1192 1469">
     <span class='ocr_line' id='line_1_2' title="bbox 268 718 1190 803; baseline 0.01 -24"><span class='ocrx_word' id='word_1_6' title='bbox 268 718 451 801; x_wconf 83' lang='lat' dir='ltr'><strong>presbyteri,</strong></span> <span class='ocrx_word' id='word_1_7' title='bbox 474 724 707 803; x_wconf 80' lang='lat' dir='ltr'><strong>quodOhn&#39;stns</strong></span> <span class='ocrx_word' id='word_1_8' title='bbox 727 725 770 787; x_wconf 92' lang='lat' dir='ltr'><strong>ibi</strong></span> <span class='ocrx_word' id='word_1_9' title='bbox 793 725 914 787; x_wconf 84' lang='lat' dir='ltr'><strong>oblatus</strong></span> <span class='ocrx_word' id='word_1_10' title='bbox 933 724 1079 803; x_wconf 79' lang='lat' dir='ltr'><strong>Spiritum</strong></span> <span class='ocrx_word' id='word_1_11' title='bbox 1102 742 1190 788; x_wconf 78' lang='lat' dir='ltr'><strong>sano</strong></span> 
     </span>
     <span class='ocr_line' id='line_1_3' title="bbox 269 806 1191 885; baseline 0.009 -23"><span class='ocrx_word' id='word_1_12' title='bbox 269 809 333 863; x_wconf 89' lang='lat' dir='ltr'><strong>tum</strong></span> <span class='ocrx_word' id='word_1_13' title='bbox 358 806 454 885; x_wconf 80' lang='lat' dir='ltr'><strong>misit3</strong></span> <span class='ocrx_word' id='word_1_14' title='bbox 476 815 508 869; x_wconf 91' lang='lat' dir='ltr'><strong>et</strong></span> <span class='ocrx_word' id='word_1_15' title='bbox 528 807 675 885; x_wconf 83' lang='lat' dir='ltr'><strong>breviter,</strong></span> <span class='ocrx_word' id='word_1_16' title='bbox 703 809 775 869; x_wconf 87' lang='lat' dir='ltr'><strong>hino</strong></span> <span class='ocrx_word' id='word_1_17' title='bbox 796 810 826 869; x_wconf 90' lang='lat' dir='ltr'><strong>iu</strong></span> <span class='ocrx_word' id='word_1_18' title='bbox 850 828 972 870; x_wconf 89' lang='lat' dir='ltr'><strong>omnem</strong></span> <span class='ocrx_word' id='word_1_19' title='bbox 995 815 1106 867; x_wconf 87' lang='lat' dir='ltr'><strong>terram</strong></span> <span class='ocrx_word' id='word_1_20' title='bbox 1129 811 1191 870; x_wconf 75' lang='lat' dir='ltr'><strong>eni·</strong></span> 
     </span>
     <span class='ocr_line' id='line_1_4' title="bbox 269 887 1192 966; baseline 0.005 -20"><span class='ocrx_word' id='word_1_21' title='bbox 269 887 313 947; x_wconf 82' lang='lat' dir='ltr'><strong>vit</strong></span> <span class='ocrx_word' id='word_1_22' title='bbox 346 888 472 949; x_wconf 88' lang='lat' dir='ltr'><strong>verbum</strong></span> <span class='ocrx_word' id='word_1_23' title='bbox 500 891 572 966; x_wconf 79' lang='lat' dir='ltr'><strong>Dei,</strong></span> <span class='ocrx_word' id='word_1_24' title='bbox 604 891 677 952; x_wconf 86' lang='lat' dir='ltr'><strong>hino</strong></span> <span class='ocrx_word' id='word_1_25' title='bbox 706 910 814 952; x_wconf 86' lang='lat' dir='ltr'><strong>omues</strong></span> <span class='ocrx_word' id='word_1_26' title='bbox 843 891 1002 956; x_wconf 80' lang='lat' dir='ltr'><strong>eeclesiae.</strong></span> <span class='ocrx_word' id='word_1_27' title='bbox 1046 889 1112 951; x_wconf 84' lang='lat' dir='ltr'><strong>Neo</strong></span> <span class='ocrx_word' id='word_1_28' title='bbox 1145 900 1192 954; x_wconf 86' lang='lat' dir='ltr'><strong>est</strong></span> 
     </span>
     <span class='ocr_line' id='line_1_5' title="bbox 270 968 1192 1055; baseline 0.005 -26"><span class='ocrx_word' id='word_1_29' title='bbox 270 968 360 1031; x_wconf 91' lang='lat' dir='ltr'><strong>ullius</strong></span> <span class='ocrx_word' id='word_1_30' title='bbox 384 979 446 1033; x_wconf 85' lang='lat' dir='ltr'><strong>tam</strong></span> <span class='ocrx_word' id='word_1_31' title='bbox 468 974 630 1054; x_wconf 89' lang='lat' dir='ltr'><strong>impudens</strong></span> <span class='ocrx_word' id='word_1_32' title='bbox 651 976 752 1051; x_wconf 85' lang='lat' dir='ltr'><strong>lrons,</strong></span> <span class='ocrx_word' id='word_1_33' title='bbox 780 977 832 1054; x_wconf 89' lang='lat' dir='ltr'><strong>qui</strong></span> <span class='ocrx_word' id='word_1_34' title='bbox 853 976 952 1055; x_wconf 78' lang='lat' dir='ltr'>possit</span> <span class='ocrx_word' id='word_1_35' title='bbox 975 992 1090 1053; x_wconf 78' lang='lat' dir='ltr'><strong>negare</strong></span> <span class='ocrx_word' id='word_1_36' title='bbox 1111 972 1192 1035; x_wconf 81' lang='lat' dir='ltr'><strong>hano</strong></span> 
     </span>
     <span class='ocr_line' id='line_1_6' title="bbox 270 1057 1190 1137; baseline 0.003 -23"><span class='ocrx_word' id='word_1_37' title='bbox 270 1070 340 1114; x_wconf 86' lang='lat' dir='ltr'><strong>esse</strong></span> <span class='ocrx_word' id='word_1_38' title='bbox 363 1074 435 1117; x_wconf 88' lang='lat' dir='ltr'><strong>vere</strong></span> <span class='ocrx_word' id='word_1_39' title='bbox 456 1066 583 1120; x_wconf 79' lang='lat' dir='ltr'><strong>matrem</strong></span> <span class='ocrx_word' id='word_1_40' title='bbox 607 1058 806 1119; x_wconf 84' lang='lat' dir='ltr'><strong>eeolssiarum</strong></span> <span class='ocrx_word' id='word_1_41' title='bbox 824 1059 971 1137; x_wconf 82' lang='lat' dir='ltr'><strong>omnium,</strong></span> <span class='ocrx_word' id='word_1_42' title='bbox 993 1057 1123 1133; x_wconf 77' lang='lat' dir='ltr'><strong>fontem,</strong></span> <span class='ocrx_word' id='word_1_43' title='bbox 1145 1076 1190 1117; x_wconf 88' lang='lat' dir='ltr'><strong>ra·</strong></span> 
     </span>
     <span class='ocr_line' id='line_1_7' title="bbox 271 1135 1190 1219; baseline 0.007 -24"><span class='ocrx_word' id='word_1_44' title='bbox 271 1135 371 1197; x_wconf 85' lang='lat' dir='ltr'><strong>dioem</strong></span> <span class='ocrx_word' id='word_1_45' title='bbox 415 1156 452 1199; x_wconf 82' lang='lat' dir='ltr'><strong>ao</strong></span> <span class='ocrx_word' id='word_1_46' title='bbox 490 1142 670 1219; x_wconf 75' lang='lat' dir='ltr'>matricem,</span> <span class='ocrx_word' id='word_1_47' title='bbox 712 1142 804 1203; x_wconf 87' lang='lat' dir='ltr'><strong>etiam</strong></span> <span class='ocrx_word' id='word_1_48' title='bbox 835 1140 996 1203; x_wconf 78' lang='lat' dir='ltr'><strong>Romanae</strong></span> <span class='ocrx_word' id='word_1_49' title='bbox 1030 1140 1190 1204; x_wconf 82' lang='lat' dir='ltr'><strong>eoolesiae.</strong></span> 
     </span>
     <span class='ocr_line' id='line_1_8' title="bbox 274 1218 1190 1305; baseline 0.002 -24"><span class='ocrx_word' id='word_1_50' title='bbox 274 1218 381 1293; x_wconf 90' lang='lat' dir='ltr'><strong>[Unde</strong></span> <span class='ocrx_word' id='word_1_51' title='bbox 402 1222 455 1284; x_wconf 87' lang='lat' dir='ltr'><strong>lib.</strong></span> <span class='ocrx_word' id='word_1_52' title='bbox 477 1226 510 1305; x_wconf 57' lang='grc' dir='ltr'><strong>9.χ</strong></span> <span class='ocrx_word' id='word_1_53' title='bbox 538 1226 641 1303; x_wconf 84' lang='lat' dir='ltr'><strong>tripar.</strong></span> <span class='ocrx_word' id='word_1_54' title='bbox 676 1243 743 1304; x_wconf 81' lang='lat' dir='ltr'><strong>osp.</strong></span> <span class='ocrx_word' id='word_1_55' title='bbox 775 1226 822 1287; x_wconf 84' lang='lat'><strong>14.</strong></span> <span class='ocrx_word' id='word_1_56' title='bbox 850 1224 988 1305; x_wconf 76' lang='lat' dir='ltr'>episcopi</span> <span class='ocrx_word' id='word_1_57' title='bbox 1025 1224 1055 1283; x_wconf 89' lang='lat' dir='ltr'><strong>in</strong></span> <span class='ocrx_word' id='word_1_58' title='bbox 1089 1226 1190 1284; x_wconf 91' lang='lat' dir='ltr'><strong>oonoi-</strong></span> 
     </span>
     <span class='ocr_line' id='line_1_9' title="bbox 269 1301 1191 1388; baseline 0.005 -26"><span class='ocrx_word' id='word_1_59' title='bbox 269 1301 311 1363; x_wconf 94' lang='lat' dir='ltr'><strong>lio</strong></span> <span class='ocrx_word' id='word_1_60' title='bbox 335 1302 681 1387; x_wconf 75' lang='lat' dir='ltr'><strong>Constantinopolitano</strong></span> <span class='ocrx_word' id='word_1_61' title='bbox 717 1308 897 1388; x_wconf 79' lang='lat' dir='ltr'><strong>congregati</strong></span> <span class='ocrx_word' id='word_1_62' title='bbox 931 1305 1105 1387; x_wconf 86' lang='lat' dir='ltr'><strong>siguifioant</strong></span> <span class='ocrx_word' id='word_1_63' title='bbox 1131 1306 1191 1367; x_wconf 87' lang='lat' dir='ltr'><strong>Dn-</strong></span> 
     </span>
     <span class='ocr_line' id='line_1_10' title="bbox 271 1388 1190 1469; baseline 0.007 -24"><span class='ocrx_word' id='word_1_64' title='bbox 271 1405 358 1447; x_wconf 82' lang='lat' dir='ltr'><strong>moso</strong></span> <span class='ocrx_word' id='word_1_65' title='bbox 380 1389 528 1469; x_wconf 82' lang='lat' dir='ltr'><strong>episeopo</strong></span> <span class='ocrx_word' id='word_1_66' title='bbox 551 1390 691 1452; x_wconf 85' lang='lat' dir='ltr'><strong>Romano</strong></span> <span class='ocrx_word' id='word_1_67' title='bbox 714 1392 794 1451; x_wconf 86' lang='lat' dir='ltr'><strong>inter</strong></span> <span class='ocrx_word' id='word_1_68' title='bbox 816 1400 934 1468; x_wconf 83' lang='lat' dir='ltr'><strong>estora,</strong></span> <span class='ocrx_word' id='word_1_69' title='bbox 970 1409 1049 1469; x_wconf 89' lang='lat' dir='ltr'><strong>quae</strong></span> <span class='ocrx_word' id='word_1_70' title='bbox 1072 1388 1190 1451; x_wconf 84' lang='lat' dir='ltr'><strong>ordina-</strong></span> 
     </span>
    </p>
   </div>
   <div class='ocr_carea' id='block_1_3' title="bbox 159 1470 1190 1548">
    <p class='ocr_par' dir='ltr' id='par_1_3' title="bbox 159 1470 1190 1548">
     <span class='ocr_line' id='line_1_11' title="bbox 159 1470 1190 1548; baseline 0.008 -21"><span class='ocrx_word' id='word_1_71' title='bbox 159 1535 160 1548; x_wconf 17' lang='lat'><em>*</em></span> <span class='ocrx_word' id='word_1_72' title='bbox 270 1477 339 1529; x_wconf 86' lang='lat' dir='ltr'><strong>rant</strong></span> <span class='ocrx_word' id='word_1_73' title='bbox 360 1471 391 1529; x_wconf 96' lang='lat' dir='ltr'><strong>in</strong></span> <span class='ocrx_word' id='word_1_74' title='bbox 413 1470 495 1533; x_wconf 89' lang='lat' dir='ltr'><strong>huno</strong></span> <span class='ocrx_word' id='word_1_75' title='bbox 515 1474 658 1540; x_wconf 81' lang='lat' dir='ltr'><strong>modurn:</strong></span> <span class='ocrx_word' id='word_1_76' title='bbox 682 1476 713 1535; x_wconf 93' lang='lat' dir='ltr'><strong>ln</strong></span> <span class='ocrx_word' id='word_1_77' title='bbox 736 1480 833 1534; x_wconf 90' lang='lat' dir='ltr'><strong>matre</strong></span> <span class='ocrx_word' id='word_1_78' title='bbox 847 1482 1023 1535; x_wconf 84' lang='lat' dir='ltr'><strong>ounotsrum</strong></span> <span class='ocrx_word' id='word_1_79' title='bbox 1047 1472 1190 1535; x_wconf 72' lang='lat' dir='ltr'><strong>ecelesia</strong></span> 
     </span>
    </p>
   </div>
   <div class='ocr_carea' id='block_1_4' title="bbox 268 1553 1193 3536">
    <p class='ocr_par' dir='ltr' id='par_1_4' title="bbox 268 1553 1193 2472">
     <span class='ocr_line' id='line_1_12' title="bbox 270 1553 1193 1637; baseline 0.005 -26"><span class='ocrx_word' id='word_1_80' title='bbox 270 1571 334 1612; x_wconf 93' lang='lat' dir='ltr'><strong>rum</strong></span> <span class='ocrx_word' id='word_1_81' title='bbox 375 1553 599 1637; x_wconf 83' lang='lat' dir='ltr'><strong>Hierosolymis</strong></span> <span class='ocrx_word' id='word_1_82' title='bbox 632 1558 800 1618; x_wconf 77' lang='lat' dir='ltr'><strong>constituta</strong></span> <span class='ocrx_word' id='word_1_83' title='bbox 839 1556 1126 1618; x_wconf 86' lang='lat' dir='ltr'><strong>reverendissimum</strong></span> <span class='ocrx_word' id='word_1_84' title='bbox 1161 1564 1193 1616; x_wconf 88' lang='lat' dir='ltr'><strong>et</strong></span> 
     </span>
     <span class='ocr_line' id='line_1_13' title="bbox 270 1634 1192 1721; baseline 0.005 -27"><span class='ocrx_word' id='word_1_85' title='bbox 270 1634 337 1697; x_wconf 87' lang='lat' dir='ltr'><strong>Deo</strong></span> <span class='ocrx_word' id='word_1_86' title='bbox 366 1638 528 1699; x_wconf 83' lang='lat' dir='ltr'><strong>amabilem</strong></span> <span class='ocrx_word' id='word_1_87' title='bbox 551 1639 698 1721; x_wconf 73' lang='lat' dir='ltr'><strong>cyrillum</strong></span> <span class='ocrx_word' id='word_1_88' title='bbox 729 1642 908 1721; x_wconf 84' lang='lat' dir='ltr'><strong>episcopum</strong></span> <span class='ocrx_word' id='word_1_89' title='bbox 943 1659 1011 1701; x_wconf 89' lang='lat' dir='ltr'><strong>esse</strong></span> <span class='ocrx_word' id='word_1_90' title='bbox 1041 1639 1192 1721; x_wconf 81' lang='lat' dir='ltr'><strong>signifiea-</strong></span> 
     </span>
     <span class='ocr_line' id='line_1_14' title="bbox 271 1722 1192 1804; baseline 0.008 -28"><span class='ocrx_word' id='word_1_91' title='bbox 271 1737 354 1795; x_wconf 84' lang='lat' dir='ltr'><strong>mus,</strong></span> <span class='ocrx_word' id='word_1_92' title='bbox 390 1722 441 1801; x_wconf 93' lang='lat' dir='ltr'><strong>qui</strong></span> <span class='ocrx_word' id='word_1_93' title='bbox 462 1723 643 1803; x_wconf 81' lang='lat' dir='ltr'><strong>regulariter</strong></span> <span class='ocrx_word' id='word_1_94' title='bbox 673 1722 745 1785; x_wconf 92' lang='lat' dir='ltr'><strong>olim</strong></span> <span class='ocrx_word' id='word_1_95' title='bbox 768 1742 788 1783; x_wconf 86' lang='lat' dir='ltr'><strong>a</strong></span> <span class='ocrx_word' id='word_1_96' title='bbox 809 1724 1049 1804; x_wconf 78' lang='lat' dir='ltr'><strong>provincialibus</strong></span> <span class='ocrx_word' id='word_1_97' title='bbox 1072 1722 1192 1784; x_wconf 85' lang='lat' dir='ltr'><strong>ordina-</strong></span> 
     </span>
     <span class='ocr_line' id='line_1_15' title="bbox 269 1804 1190 1867; baseline 0.007 -6"><span class='ocrx_word' id='word_1_98' title='bbox 269 1808 317 1863; x_wconf 89' lang='lat' dir='ltr'><strong>tus</strong></span> <span class='ocrx_word' id='word_1_99' title='bbox 347 1809 406 1865; x_wconf 86' lang='lat' dir='ltr'><strong>ete.</strong></span> <span class='ocrx_word' id='word_1_100' title='bbox 448 1804 506 1866; x_wconf 81' lang='lat' dir='ltr'><strong>llio</strong></span> <span class='ocrx_word' id='word_1_101' title='bbox 535 1807 631 1867; x_wconf 82' lang='lat' dir='ltr'><strong>claret</strong></span> <span class='ocrx_word' id='word_1_102' title='bbox 660 1815 788 1867; x_wconf 89' lang='lat' dir='ltr'><strong>matrem</strong></span> <span class='ocrx_word' id='word_1_103' title='bbox 826 1808 963 1867; x_wconf 91' lang='lat' dir='ltr'><strong>omnium</strong></span> <span class='ocrx_word' id='word_1_104' title='bbox 993 1807 1190 1867; x_wconf 80' lang='lat' dir='ltr'><strong>eeclesiarum</strong></span> 
     </span>
     <span class='ocr_line' id='line_1_16' title="bbox 269 1885 1191 1971; baseline 0.005 -27"><span class='ocrx_word' id='word_1_105' title='bbox 269 1891 343 1945; x_wconf 89' lang='lat' dir='ltr'><strong>tuno</strong></span> <span class='ocrx_word' id='word_1_106' title='bbox 365 1885 499 1948; x_wconf 84' lang='lat' dir='ltr'><strong>habitam</strong></span> <span class='ocrx_word' id='word_1_107' title='bbox 512 1888 834 1971; x_wconf 83' lang='lat' dir='ltr'><strong>Hierosolymitanam‚</strong></span> <span class='ocrx_word' id='word_1_108' title='bbox 857 1898 888 1951; x_wconf 88' lang='lat' dir='ltr'><strong>st</strong></span> <span class='ocrx_word' id='word_1_109' title='bbox 909 1891 1072 1951; x_wconf 88' lang='lat' dir='ltr'><strong>oonoilium</strong></span> <span class='ocrx_word' id='word_1_110' title='bbox 1097 1890 1191 1949; x_wconf 84' lang='lat' dir='ltr'><strong>luisse</strong></span> 
     </span>
     <span class='ocr_line' id='line_1_17' title="bbox 268 1968 1191 2053; baseline 0.004 -26"><span class='ocrx_word' id='word_1_111' title='bbox 268 1970 346 2028; x_wconf 83' lang='lat' dir='ltr'><strong>eitra</strong></span> <span class='ocrx_word' id='word_1_112' title='bbox 367 1968 499 2032; x_wconf 87' lang='lat' dir='ltr'><strong>Romani</strong></span> <span class='ocrx_word' id='word_1_113' title='bbox 528 1972 682 2053; x_wconf 83' lang='lat' dir='ltr'><strong>pontificis</strong></span> <span class='ocrx_word' id='word_1_114' title='bbox 706 1975 901 2035; x_wconf 85' lang='lat' dir='ltr'><strong>autoritatem</strong></span> <span class='ocrx_word' id='word_1_115' title='bbox 924 1973 1076 2048; x_wconf 70' lang='lat' dir='ltr'><strong>habitum,</strong></span> <span class='ocrx_word' id='word_1_116' title='bbox 1109 1972 1191 2053; x_wconf 91' lang='lat' dir='ltr'><strong>quod</strong></span> 
     </span>
     <span class='ocr_line' id='line_1_18' title="bbox 269 2053 1191 2136; baseline 0.004 -25"><span class='ocrx_word' id='word_1_117' title='bbox 269 2061 352 2112; x_wconf 86' lang='lat' dir='ltr'><strong>esset</strong></span> <span class='ocrx_word' id='word_1_118' title='bbox 375 2053 577 2136; x_wconf 79' lang='lat' dir='ltr'><strong>haereticum,</strong></span> <span class='ocrx_word' id='word_1_119' title='bbox 615 2057 639 2116; x_wconf 89' lang='lat' dir='ltr'><strong>si</strong></span> <span class='ocrx_word' id='word_1_120' title='bbox 669 2058 733 2118; x_wconf 89' lang='lat' dir='ltr'><strong>lure</strong></span> <span class='ocrx_word' id='word_1_121' title='bbox 764 2057 868 2119; x_wconf 83' lang='lat' dir='ltr'><strong>divino</strong></span> <span class='ocrx_word' id='word_1_122' title='bbox 894 2058 1039 2117; x_wconf 87' lang='lat' dir='ltr'><strong>niteretur</strong></span> <span class='ocrx_word' id='word_1_123' title='bbox 1060 2056 1191 2119; x_wconf 81' lang='lat' dir='ltr'><strong>Romani</strong></span> 
     </span>
     <span class='ocr_line' id='line_1_19' title="bbox 270 2136 1191 2223; baseline 0.003 -27"><span class='ocrx_word' id='word_1_124' title='bbox 270 2136 411 2217; x_wconf 83' lang='lat' dir='ltr'><strong>episcopi</strong></span> <span class='ocrx_word' id='word_1_125' title='bbox 442 2137 607 2223; x_wconf 81' lang='lat' dir='ltr'><strong>potestas]</strong></span> <span class='ocrx_word' id='word_1_126' title='bbox 654 2139 685 2201; x_wconf 80' lang='lat' dir='ltr'><strong>Si</strong></span> <span class='ocrx_word' id='word_1_127' title='bbox 717 2160 791 2222; x_wconf 86' lang='lat' dir='ltr'><strong>ergo</strong></span> <span class='ocrx_word' id='word_1_128' title='bbox 821 2139 900 2201; x_wconf 85' lang='lat' dir='ltr'><strong>haee</strong></span> <span class='ocrx_word' id='word_1_129' title='bbox 927 2159 989 2201; x_wconf 91' lang='lat' dir='ltr'><strong>non</strong></span> <span class='ocrx_word' id='word_1_130' title='bbox 1018 2140 1113 2201; x_wconf 80' lang='lat' dir='ltr'><strong>hebet</strong></span> <span class='ocrx_word' id='word_1_131' title='bbox 1133 2140 1191 2219; x_wconf 93' lang='lat' dir='ltr'><strong>pri·</strong></span> 
     </span>
     <span class='ocr_line' id='line_1_20' title="bbox 271 2220 1192 2303; baseline 0.004 -25"><span class='ocrx_word' id='word_1_132' title='bbox 271 2227 401 2297; x_wconf 86' lang='lat' dir='ltr'><strong>matum,</strong></span> <span class='ocrx_word' id='word_1_133' title='bbox 424 2222 486 2284; x_wconf 91' lang='lat' dir='ltr'><strong>imo</strong></span> <span class='ocrx_word' id='word_1_134' title='bbox 510 2225 562 2282; x_wconf 89' lang='lat' dir='ltr'><strong>vix</strong></span> <span class='ocrx_word' id='word_1_135' title='bbox 584 2225 720 2303; x_wconf 90' lang='lat' dir='ltr'><strong>quintum</strong></span> <span class='ocrx_word' id='word_1_136' title='bbox 745 2226 773 2285; x_wconf 89' lang='lat' dir='ltr'><strong>ei</strong></span> <span class='ocrx_word' id='word_1_137' title='bbox 796 2220 961 2301; x_wconf 74' lang='lat' dir='ltr'><strong>dederunt,</strong></span> <span class='ocrx_word' id='word_1_138' title='bbox 995 2232 1109 2303; x_wconf 86' lang='lat' dir='ltr'><strong>quanto</strong></span> <span class='ocrx_word' id='word_1_139' title='bbox 1139 2225 1192 2283; x_wconf 91' lang='lat' dir='ltr'><strong>mi-</strong></span> 
     </span>
     <span class='ocr_line' id='line_1_21' title="bbox 269 2302 1193 2388; baseline 0.005 -27"><span class='ocrx_word' id='word_1_140' title='bbox 269 2322 327 2362; x_wconf 85' lang='lat' dir='ltr'><strong>nus</strong></span> <span class='ocrx_word' id='word_1_141' title='bbox 348 2302 490 2365; x_wconf 84' lang='lat' dir='ltr'><strong>Romana</strong></span> <span class='ocrx_word' id='word_1_142' title='bbox 511 2304 614 2385; x_wconf 85' lang='lat' dir='ltr'><strong>habet,</strong></span> <span class='ocrx_word' id='word_1_143' title='bbox 659 2326 715 2367; x_wconf 85' lang='lat' dir='ltr'><strong>une</strong></span> <span class='ocrx_word' id='word_1_144' title='bbox 740 2320 787 2369; x_wconf 85' lang='lat' dir='ltr'><strong>est</strong></span> <span class='ocrx_word' id='word_1_145' title='bbox 809 2308 875 2368; x_wconf 89' lang='lat' dir='ltr'><strong>eius</strong></span> <span class='ocrx_word' id='word_1_146' title='bbox 897 2306 1068 2388; x_wconf 83' lang='lat' dir='ltr'><strong>discipula?</strong></span> <span class='ocrx_word' id='word_1_147' title='bbox 1104 2304 1193 2367; x_wconf 87' lang='lat' dir='ltr'><strong>Dioat</strong></span> 
     </span>
     <span class='ocr_line' id='line_1_22' title="bbox 269 2327 865 2472; baseline 0.01 -26"><span class='ocrx_word' id='word_1_148' title='bbox 269 2387 417 2447; x_wconf 85' lang='lat' dir='ltr'><strong>adversus</strong></span> <span class='ocrx_word' id='word_1_149' title='bbox 440 2390 517 2450; x_wconf 86' lang='lat' dir='ltr'><strong>haee</strong></span> <span class='ocrx_word' id='word_1_150' title='bbox 539 2327 656 2471; x_wconf 49' lang='lat' dir='ltr'><strong>aliquia</strong></span> <span class='ocrx_word' id='word_1_151' title='bbox 678 2392 729 2471; x_wconf 90' lang='lat' dir='ltr'><strong>qui</strong></span> <span class='ocrx_word' id='word_1_152' title='bbox 752 2398 865 2472; x_wconf 88' lang='lat' dir='ltr'><strong>potest.</strong></span> 
     </span>
    </p>

    <p class='ocr_par' dir='ltr' id='par_1_5' title="bbox 269 2471 1193 3536">
     <span class='ocr_line' id='line_1_23' title="bbox 352 2471 1190 2553; baseline 0.004 -22"><span class='ocrx_word' id='word_1_153' title='bbox 352 2471 560 2553; x_wconf 84' lang='lat' dir='ltr'><strong>Duodeoima,</strong></span> <span class='ocrx_word' id='word_1_154' title='bbox 593 2475 756 2536; x_wconf 86' lang='lat' dir='ltr'><strong>ooneilium</strong></span> <span class='ocrx_word' id='word_1_155' title='bbox 787 2474 954 2551; x_wconf 71' lang='lat' dir='ltr'><strong>Moenum,</strong></span> <span class='ocrx_word' id='word_1_156' title='bbox 985 2483 1017 2534; x_wconf 89' lang='lat' dir='ltr'><strong>ut</strong></span> <span class='ocrx_word' id='word_1_157' title='bbox 1049 2474 1190 2535; x_wconf 89' lang='lat' dir='ltr'><strong>soribitur</strong></span> 
     </span>
     <span class='ocr_line' id='line_1_24' title="bbox 270 2552 1191 2638; baseline 0.007 -28"><span class='ocrx_word' id='word_1_158' title='bbox 270 2552 320 2614; x_wconf 90' lang='lat' dir='ltr'><strong>lib.</strong></span> <span class='ocrx_word' id='word_1_159' title='bbox 347 2555 428 2630; x_wconf 85' lang='lat'>10¹)</span> <span class='ocrx_word' id='word_1_160' title='bbox 459 2575 486 2619; x_wconf 88' lang='lat' dir='ltr'><strong>o.</strong></span> <span class='ocrx_word' id='word_1_161' title='bbox 509 2561 536 2621; x_wconf 93' lang='lat'><strong>6.</strong></span> <span class='ocrx_word' id='word_1_162' title='bbox 566 2557 635 2618; x_wconf 89' lang='lat' dir='ltr'><strong>hist.</strong></span> <span class='ocrx_word' id='word_1_163' title='bbox 663 2558 844 2638; x_wconf 79' lang='lat' dir='ltr'><strong>ecclesiast,</strong></span> <span class='ocrx_word' id='word_1_164' title='bbox 873 2559 980 2620; x_wconf 78' lang='lat' dir='ltr'><strong>statuit</strong></span> <span class='ocrx_word' id='word_1_165' title='bbox 1001 2559 1085 2621; x_wconf 82' lang='lat' dir='ltr'><strong>artio.</strong></span> <span class='ocrx_word' id='word_1_166' title='bbox 1109 2557 1137 2620; x_wconf 91' lang='lat'><strong>6.</strong></span> <span class='ocrx_word' id='word_1_167' title='bbox 1160 2559 1191 2616; x_wconf 93' lang='lat' dir='ltr'><strong>in</strong></span> 
     </span>
     <span class='ocr_line' id='line_1_25' title="bbox 270 2635 1191 2721; baseline 0.005 -26"><span class='ocrx_word' id='word_1_168' title='bbox 270 2635 351 2697; x_wconf 89' lang='lat' dir='ltr'><strong>hune</strong></span> <span class='ocrx_word' id='word_1_169' title='bbox 373 2637 515 2700; x_wconf 85' lang='lat' dir='ltr'><strong>modum:</strong></span> <span class='ocrx_word' id='word_1_170' title='bbox 548 2640 589 2702; x_wconf 79' lang='lat' dir='ltr'><strong>Et</strong></span> <span class='ocrx_word' id='word_1_171' title='bbox 617 2641 696 2721; x_wconf 83' lang='lat' dir='ltr'><strong>opud</strong></span> <span class='ocrx_word' id='word_1_172' title='bbox 719 2639 958 2719; x_wconf 80' lang='lat' dir='ltr'><strong>Alexandriam,</strong></span> <span class='ocrx_word' id='word_1_173' title='bbox 990 2639 1039 2700; x_wconf 88' lang='lat' dir='ltr'><strong>vel</strong></span> <span class='ocrx_word' id='word_1_174' title='bbox 1063 2640 1191 2700; x_wconf 81' lang='lat' dir='ltr'><strong>inorbo</strong></span> 
     </span>
     <span class='ocr_line' id='line_1_26' title="bbox 271 2719 1192 2804; baseline 0.002 -24"><span class='ocrx_word' id='word_1_175' title='bbox 271 2719 379 2801; x_wconf 82' lang='lat' dir='ltr'><strong>Roma,</strong></span> <span class='ocrx_word' id='word_1_176' title='bbox 403 2730 522 2784; x_wconf 81' lang='lat' dir='ltr'><strong>vetusta</strong></span> <span class='ocrx_word' id='word_1_177' title='bbox 545 2723 737 2786; x_wconf 77' lang='lat' dir='ltr'><strong>cousuetudo</strong></span> <span class='ocrx_word' id='word_1_178' title='bbox 761 2734 908 2804; x_wconf 82' lang='lat' dir='ltr'><strong>servetur,</strong></span> <span class='ocrx_word' id='word_1_179' title='bbox 931 2730 964 2784; x_wconf 93' lang='lat' dir='ltr'><strong>ut</strong></span> <span class='ocrx_word' id='word_1_180' title='bbox 985 2723 1035 2786; x_wconf 83' lang='lat' dir='ltr'><strong>vel</strong></span> <span class='ocrx_word' id='word_1_181' title='bbox 1058 2723 1110 2782; x_wconf 89' lang='lat' dir='ltr'><strong>ille</strong></span> <span class='ocrx_word' id='word_1_182' title='bbox 1132 2724 1192 2784; x_wconf 88' lang='lat' dir='ltr'><strong>Ae-</strong></span> 
     </span>
     <span class='ocr_line' id='line_1_27' title="bbox 269 2801 1192 2886; baseline 0.001 -22"><span class='ocrx_word' id='word_1_183' title='bbox 269 2805 385 2886; x_wconf 49' lang='lat' dir='ltr'><strong>gypti„</strong></span> <span class='ocrx_word' id='word_1_184' title='bbox 405 2801 455 2866; x_wconf 90' lang='lat' dir='ltr'><strong>vel</strong></span> <span class='ocrx_word' id='word_1_185' title='bbox 484 2805 534 2868; x_wconf 90' lang='lat' dir='ltr'><strong>hio</strong></span> <span class='ocrx_word' id='word_1_186' title='bbox 561 2808 802 2868; x_wconf 86' lang='lat' dir='ltr'><strong>suburbanorum</strong></span> <span class='ocrx_word' id='word_1_187' title='bbox 825 2808 1024 2870; x_wconf 79' lang='lat' dir='ltr'><strong>ecelesiarum</strong></span> <span class='ocrx_word' id='word_1_188' title='bbox 1047 2805 1192 2867; x_wconf 82' lang='lat' dir='ltr'><strong>sollieitu-</strong></span> 
     </span>
     <span class='ocr_line' id='line_1_28' title="bbox 271 2885 1191 2972; baseline 0.003 -26"><span class='ocrx_word' id='word_1_189' title='bbox 271 2885 373 2946; x_wconf 90' lang='lat' dir='ltr'><strong>dinem</strong></span> <span class='ocrx_word' id='word_1_190' title='bbox 403 2897 497 2969; x_wconf 86' lang='lat' dir='ltr'><strong>geret.</strong></span> <span class='ocrx_word' id='word_1_191' title='bbox 540 2890 722 2972; x_wconf 86' lang='lat' dir='ltr'><strong>Responde:</strong></span> <span class='ocrx_word' id='word_1_192' title='bbox 748 2891 824 2953; x_wconf 82' lang='grc' dir='ltr'><strong>Ἠοο</strong></span> <span class='ocrx_word' id='word_1_193' title='bbox 856 2892 1019 2952; x_wconf 88' lang='lat' dir='ltr'><strong>oonoilium</strong></span> <span class='ocrx_word' id='word_1_194' title='bbox 1055 2889 1191 2951; x_wconf 90' lang='lat' dir='ltr'><strong>omnium</strong></span> 
     </span>
     <span class='ocr_line' id='line_1_29' title="bbox 270 2969 1193 3055; baseline 0.003 -25"><span class='ocrx_word' id='word_1_195' title='bbox 270 2969 334 3031; x_wconf 82' lang='lat' dir='ltr'><strong>lere</strong></span> <span class='ocrx_word' id='word_1_196' title='bbox 355 2975 552 3034; x_wconf 76' lang='lat' dir='ltr'><strong>sacerrimum</strong></span> <span class='ocrx_word' id='word_1_197' title='bbox 576 2984 631 3055; x_wconf 80' lang='lat' dir='ltr'><strong>est.</strong></span> <span class='ocrx_word' id='word_1_198' title='bbox 670 2975 710 3036; x_wconf 76' lang='lat' dir='ltr'><strong>Et</strong></span> <span class='ocrx_word' id='word_1_199' title='bbox 731 2993 822 3052; x_wconf 78' lang='lat' dir='ltr'><strong>eoos,</strong></span> <span class='ocrx_word' id='word_1_200' title='bbox 845 2994 908 3037; x_wconf 89' lang='lat' dir='ltr'><strong>non</strong></span> <span class='ocrx_word' id='word_1_201' title='bbox 930 2975 1026 3036; x_wconf 89' lang='lat' dir='ltr'><strong>modo</strong></span> <span class='ocrx_word' id='word_1_202' title='bbox 1047 2992 1108 3034; x_wconf 89' lang='lat' dir='ltr'><strong>uon</strong></span> <span class='ocrx_word' id='word_1_203' title='bbox 1132 2973 1193 3054; x_wconf 85' lang='lat' dir='ltr'><strong>pri-</strong></span> 
     </span>
     <span class='ocr_line' id='line_1_30' title="bbox 271 3055 1192 3137; baseline 0.003 -24"><span class='ocrx_word' id='word_1_204' title='bbox 271 3062 384 3114; x_wconf 81' lang='lat' dir='ltr'><strong>matum</strong></span> <span class='ocrx_word' id='word_1_205' title='bbox 414 3061 444 3116; x_wconf 88' lang='lat' dir='ltr'><strong>et</strong></span> <span class='ocrx_word' id='word_1_206' title='bbox 473 3057 681 3118; x_wconf 83' lang='lat' dir='ltr'><strong>monarohiam</strong></span> <span class='ocrx_word' id='word_1_207' title='bbox 703 3059 845 3120; x_wconf 82' lang='lat' dir='ltr'><strong>Romano</strong></span> <span class='ocrx_word' id='word_1_208' title='bbox 874 3058 927 3120; x_wconf 85' lang='lat' dir='ltr'><strong>dat</strong></span> <span class='ocrx_word' id='word_1_209' title='bbox 949 3057 1103 3137; x_wconf 71' lang='lat' dir='ltr'><strong>pontilloi,</strong></span> <span class='ocrx_word' id='word_1_210' title='bbox 1137 3055 1192 3116; x_wconf 87' lang='lat' dir='ltr'><strong>sed</strong></span> 
     </span>
     <span class='ocr_line' id='line_1_31' title="bbox 271 3139 1193 3222; baseline 0.001 -26"><span class='ocrx_word' id='word_1_211' title='bbox 271 3157 310 3196; x_wconf 83' lang='lat' dir='ltr'><strong>ex</strong></span> <span class='ocrx_word' id='word_1_212' title='bbox 343 3145 464 3199; x_wconf 87' lang='lat' dir='ltr'><strong>vetusta</strong></span> <span class='ocrx_word' id='word_1_213' title='bbox 490 3141 734 3222; x_wconf 80' lang='lat' dir='ltr'><strong>eonsuetudine,</strong></span> <span class='ocrx_word' id='word_1_214' title='bbox 766 3161 831 3204; x_wconf 88' lang='lat' dir='ltr'><strong>nou</strong></span> <span class='ocrx_word' id='word_1_215' title='bbox 863 3143 930 3204; x_wconf 89' lang='lat' dir='ltr'><strong>iure</strong></span> <span class='ocrx_word' id='word_1_216' title='bbox 962 3141 1067 3202; x_wconf 83' lang='lat' dir='ltr'><strong>divin-o</strong></span> <span class='ocrx_word' id='word_1_217' title='bbox 1090 3139 1193 3202; x_wconf 87' lang='lat' dir='ltr'><strong>tribuit</strong></span> 
     </span>
     <span class='ocr_line' id='line_1_32' title="bbox 271 3219 1193 3288; baseline 0.003 -9"><span class='ocrx_word' id='word_1_218' title='bbox 271 3219 511 3284; x_wconf 80' lang='lat' dir='ltr'><strong>sollicitudiuem</strong></span> <span class='ocrx_word' id='word_1_219' title='bbox 533 3223 708 3286; x_wconf 84' lang='lat' dir='ltr'><strong>ltaliearum</strong></span> <span class='ocrx_word' id='word_1_220' title='bbox 730 3233 762 3286; x_wconf 84' lang='lat' dir='ltr'><strong>st</strong></span> <span class='ocrx_word' id='word_1_221' title='bbox 784 3225 1026 3288; x_wconf 80' lang='lat' dir='ltr'><strong>suburbanarum</strong></span> <span class='ocrx_word' id='word_1_222' title='bbox 1049 3223 1193 3285; x_wconf 85' lang='lat' dir='ltr'><strong>eoelesia-</strong></span> 
     </span>
     <span class='ocr_line' id='line_1_33' title="bbox 270 3305 1192 3390; baseline 0.008 -28"><span class='ocrx_word' id='word_1_223' title='bbox 270 3321 345 3364; x_wconf 90' lang='lat' dir='ltr'><strong>rum.</strong></span> <span class='ocrx_word' id='word_1_224' title='bbox 370 3305 472 3385; x_wconf 79' lang='lat' dir='ltr'><strong>Atque</strong></span> <span class='ocrx_word' id='word_1_225' title='bbox 483 3305 561 3367; x_wconf 82' lang='lat' dir='ltr'><strong>haee</strong></span> <span class='ocrx_word' id='word_1_226' title='bbox 582 3310 613 3368; x_wconf 90' lang='lat' dir='ltr'><strong>in</strong></span> <span class='ocrx_word' id='word_1_227' title='bbox 629 3310 843 3388; x_wconf 85' lang='lat' dir='ltr'><strong>propositione</strong></span> <span class='ocrx_word' id='word_1_228' title='bbox 859 3329 931 3371; x_wconf 83' lang='lat' dir='ltr'><strong>mes</strong></span> <span class='ocrx_word' id='word_1_229' title='bbox 954 3309 1050 3390; x_wconf 69' lang='lat' dir='ltr'><strong>tetigi,</strong></span> <span class='ocrx_word' id='word_1_230' title='bbox 1067 3306 1192 3388; x_wconf 87' lang='lat' dir='ltr'><strong>quaudo</strong></span> 
     </span>
     <span class='ocr_line' id='line_1_34' title="bbox 270 3385 1193 3471; baseline 0.007 -25"><span class='ocrx_word' id='word_1_231' title='bbox 270 3385 345 3464; x_wconf 85' lang='lat' dir='ltr'><strong>dixi,</strong></span> <span class='ocrx_word' id='word_1_232' title='bbox 367 3389 451 3467; x_wconf 86' lang='lat' dir='ltr'><strong>quod</strong></span> <span class='ocrx_word' id='word_1_233' title='bbox 474 3398 582 3450; x_wconf 82' lang='lat' dir='ltr'><strong>eontra</strong></span> <span class='ocrx_word' id='word_1_234' title='bbox 603 3392 800 3471; x_wconf 80' lang='lat' dir='ltr'><strong>frigidissima</strong></span> <span class='ocrx_word' id='word_1_235' title='bbox 817 3393 950 3454; x_wconf 86' lang='lat' dir='ltr'><strong>Deoreto</strong></span> <span class='ocrx_word' id='word_1_236' title='bbox 973 3399 1068 3453; x_wconf 83' lang='lat' dir='ltr'><strong>staret</strong></span> <span class='ocrx_word' id='word_1_237' title='bbox 1081 3391 1193 3452; x_wconf 85' lang='lat' dir='ltr'><strong>Deore-</strong></span> 
     </span>
     <span class='ocr_line' id='line_1_35' title="bbox 271 3471 601 3536; baseline 0.018 -6"><span class='ocrx_word' id='word_1_238' title='bbox 271 3479 334 3530; x_wconf 92' lang='lat' dir='ltr'><strong>tnm</strong></span> <span class='ocrx_word' id='word_1_239' title='bbox 358 3471 446 3533; x_wconf 90' lang='lat' dir='ltr'><strong>huius</strong></span> <span class='ocrx_word' id='word_1_240' title='bbox 468 3473 601 3536; x_wconf 88' lang='lat' dir='ltr'><strong>oonoilii.</strong></span> 
     </span>
    </p>
   </div>
   <div class='ocr_carea' id='block_1_5' title="bbox 355 3550 1192 3639">
    <p class='ocr_par' dir='ltr' id='par_1_6' title="bbox 355 3550 1192 3639">
     <span class='ocr_line' id='line_1_36' title="bbox 355 3550 1192 3639; baseline 0.004 -24"><span class='ocrx_word' id='word_1_241' title='bbox 355 3554 387 3615; x_wconf 83' lang='lat' dir='ltr'><strong>si</strong></span> <span class='ocrx_word' id='word_1_242' title='bbox 409 3575 485 3638; x_wconf 73' lang='lat' dir='ltr'><strong>ergo</strong></span> <span class='ocrx_word' id='word_1_243' title='bbox 516 3575 584 3616; x_wconf 89' lang='lat' dir='ltr'><strong>sum</strong></span> <span class='ocrx_word' id='word_1_244' title='bbox 605 3550 897 3638; x_wconf 70' lang='lat' dir='ltr'><strong>haereoeua‚&#39;ege,</strong></span> <span class='ocrx_word' id='word_1_245' title='bbox 932 3558 1043 3620; x_wconf 83' lang='lat' dir='ltr'><strong>tollant</strong></span> <span class='ocrx_word' id='word_1_246' title='bbox 1064 3559 1192 3639; x_wconf 86' lang='lat' dir='ltr'><strong>primum</strong></span> 
     </span>
    </p>
   </div>
   <div class='ocr_carea' id='block_1_6' title="bbox 157 3637 1193 3721">
    <p class='ocr_par' dir='ltr' id='par_1_7' title="bbox 157 3637 1193 3721">
     <span class='ocr_line' id='line_1_37' title="bbox 157 3637 1193 3721; baseline 0.006 -25"><span class='ocrx_word' id='word_1_247' title='bbox 157 3718 158 3721; x_wconf 8' lang='grc' dir='ltr'><strong>Ἴ</strong></span> <span class='ocrx_word' id='word_1_248' title='bbox 271 3637 332 3698; x_wconf 87' lang='lat' dir='ltr'><strong>hoe</strong></span> <span class='ocrx_word' id='word_1_249' title='bbox 354 3639 533 3716; x_wconf 82' lang='lat' dir='ltr'><strong>eonsilium,</strong></span> <span class='ocrx_word' id='word_1_250' title='bbox 567 3642 615 3700; x_wconf 88' lang='lat' dir='ltr'><strong>oui</strong></span> <span class='ocrx_word' id='word_1_251' title='bbox 644 3661 693 3705; x_wconf 90' lang='lat' dir='ltr'><strong>me</strong></span> <span class='ocrx_word' id='word_1_252' title='bbox 721 3643 792 3720; x_wconf 87' lang='lat' dir='ltr'><strong>ipso</strong></span> <span class='ocrx_word' id='word_1_253' title='bbox 820 3659 943 3720; x_wconf 87' lang='lat' dir='ltr'><strong>quoque</strong></span> <span class='ocrx_word' id='word_1_254' title='bbox 965 3641 1098 3702; x_wconf 81' lang='lat' dir='ltr'><strong>Denreta</strong></span> <span class='ocrx_word' id='word_1_255' title='bbox 1127 3650 1193 3702; x_wconf 83' lang='lat' dir='ltr'><strong>tsn-</strong></span> 
     </span>
    </p>
   </div>
   <div class='ocr_carea' id='block_1_7' title="bbox 270 3721 1193 3868">
    <p class='ocr_par' dir='ltr' id='par_1_8' title="bbox 270 3721 1193 3868">
     <span class='ocr_line' id='line_1_38' title="bbox 270 3721 1193 3805; baseline 0.004 -25"><span class='ocrx_word' id='word_1_256' title='bbox 270 3740 363 3800; x_wconf 85' lang='lat' dir='ltr'><strong>quam</strong></span> <span class='ocrx_word' id='word_1_257' title='bbox 379 3721 551 3804; x_wconf 77' lang='lat' dir='ltr'><strong>Evangelio</strong></span> <span class='ocrx_word' id='word_1_258' title='bbox 574 3732 691 3805; x_wconf 75' lang='lat' dir='ltr'><strong>cogunt</strong></span> <span class='ocrx_word' id='word_1_259' title='bbox 711 3723 854 3802; x_wconf 84' lang='lat' dir='ltr'><strong>obedire,</strong></span> <span class='ocrx_word' id='word_1_260' title='bbox 883 3742 946 3784; x_wconf 90' lang='lat' dir='ltr'><strong>non</strong></span> <span class='ocrx_word' id='word_1_261' title='bbox 968 3744 1095 3804; x_wconf 85' lang='lat' dir='ltr'><strong>possum</strong></span> <span class='ocrx_word' id='word_1_262' title='bbox 1120 3723 1193 3785; x_wconf 90' lang='lat' dir='ltr'><strong>duo-</strong></span> 
     </span>
     <span class='ocr_line' id='line_1_39' title="bbox 272 3804 813 3868; baseline 0.007 -4"><span class='ocrx_word' id='word_1_263' title='bbox 272 3804 330 3864; x_wconf 87' lang='lat' dir='ltr'><strong>bus</strong></span> <span class='ocrx_word' id='word_1_264' title='bbox 350 3804 484 3866; x_wconf 81' lang='lat' dir='ltr'><strong>dominis</strong></span> <span class='ocrx_word' id='word_1_265' title='bbox 504 3808 621 3868; x_wconf 78' lang='lat' dir='ltr'><strong>servire</strong></span> <span class='ocrx_word' id='word_1_266' title='bbox 644 3807 813 3868; x_wconf 87' lang='lat' dir='ltr'><strong>oontreriis.</strong></span> 
     </span>
    </p>
   </div>
   <div class='ocr_carea' id='block_1_8' title="bbox 355 3889 1192 3969">
    <p class='ocr_par' dir='ltr' id='par_1_9' title="bbox 355 3889 1192 3969">
     <span class='ocr_line' id='line_1_40' title="bbox 355 3889 1192 3969; baseline 0.001 -20"><span class='ocrx_word' id='word_1_267' title='bbox 355 3889 483 3950; x_wconf 86' lang='lat' dir='ltr'><strong>Deoimo</strong></span> <span class='ocrx_word' id='word_1_268' title='bbox 498 3889 645 3969; x_wconf 85' lang='lat' dir='ltr'><strong>tertis²)‚</strong></span> <span class='ocrx_word' id='word_1_269' title='bbox 667 3890 749 3952; x_wconf 87' lang='lat' dir='ltr'><strong>idem</strong></span> <span class='ocrx_word' id='word_1_270' title='bbox 773 3889 922 3952; x_wconf 83' lang='lat' dir='ltr'><strong>Nioennm</strong></span> <span class='ocrx_word' id='word_1_271' title='bbox 946 3890 1109 3950; x_wconf 86' lang='lat' dir='ltr'><strong>oonoilium</strong></span> <span class='ocrx_word' id='word_1_272' title='bbox 1133 3895 1192 3950; x_wconf 82' lang='lat' dir='ltr'><strong>stn-</strong></span> 
     </span>
    </p>
   </div>
   <div class='ocr_carea' id='block_1_9' title="bbox 204 4077 1192 4148">
    <p class='ocr_par' dir='ltr' id='par_1_10' title="bbox 204 4077 1192 4148">
     <span class='ocr_line' id='line_1_41' title="bbox 204 4077 1192 4148; baseline 0.003 -20"><span class='ocrx_word' id='word_1_273' title='bbox 204 4119 211 4128; x_wconf 85' lang='lat'><strong>.</strong></span> <span class='ocrx_word' id='word_1_274' title='bbox 328 4080 566 4146; x_wconf 66' lang='lat' dir='ltr'><strong>irruentem:</strong></span> <span class='ocrx_word' id='word_1_275' title='bbox 587 4080 628 4135; x_wconf 91' lang='lat' dir='ltr'><strong>l6.</strong></span> <span class='ocrx_word' id='word_1_276' title='bbox 665 4081 698 4146; x_wconf 87' lang='lat'><strong>2)</strong></span> <span class='ocrx_word' id='word_1_277' title='bbox 719 4080 748 4132; x_wconf 92' lang='lat' dir='ltr'><strong>ln</strong></span> <span class='ocrx_word' id='word_1_278' title='bbox 768 4079 833 4135; x_wconf 85' lang='lat' dir='ltr'><strong>edit.</strong></span> <span class='ocrx_word' id='word_1_279' title='bbox 854 4081 959 4148; x_wconf 79' lang='lat' dir='ltr'><strong>priuis:</strong></span> <span class='ocrx_word' id='word_1_280' title='bbox 978 4079 1058 4131; x_wconf 79' lang='lat' dir='ltr'><strong>tertis</strong></span> <span class='ocrx_word' id='word_1_281' title='bbox 1077 4077 1192 4131; x_wconf 83' lang='lat' dir='ltr'><strong>detima.</strong></span> 
     </span>
    </p>
   </div>
   <div class='ocr_carea' id='block_1_10' title="bbox 0 0 1544 4775">
    <p class='ocr_par' dir='ltr' id='par_1_11' title="bbox 0 0 1544 4775">
     <span class='ocr_line' id='line_1_42' title="bbox 0 0 1544 4775; baseline 0 0"><span class='ocrx_word' id='word_1_282' title='bbox 0 0 1544 4775; x_wconf 95' lang='lat' dir='ltr'><strong> </strong></span> 
     </span>
    </p>
   </div>
  </div>
 </body>
</html>
