3075 4775
445 574 501 628 suis
521 573 629 643 Lipsiae
648 570 796 642 disputatis
815 582 840 628 a
860 572 931 627 XIX.
1116 564 1178 636 243
1200 553 1203 560 ¹

259 778 367 863 posse
387 778 452 821 uon
479 778 596 841 ponere
626 758 745 821 obicem
774 760 908 843 gratiae,
935 778 1029 840 posse
1048 760 1178 841 implere

258 840 425 923 praecepta
446 845 504 904 Dei
531 843 632 940 quoad
667 844 869 904 substantiam
903 843 993 921 facti,
1021 844 1095 905 licet
1114 862 1178 903 non

258 926 295 985 ad
306 929 511 988 intentionem
526 928 716 1006 praecipient
716 929 752 1004 is,
704 927 894 987 tliberum
907 925 1062 987 arbitrium
1085 944 1179 1006 posse

256 1010 285 1069 in
309 1007 474 1090 utrumque
488 1009 796 1071 contradictoriarum
806 1008 851 1091 1),
872 1010 1062 1070 voluntatem
1084 1025 1178 1089 posse

257 1110 295 1151 cx
328 1095 413 1172 puris
442 1092 630 1154 naturalibus
659 1093 789 1173 diligere
810 1093 908 1153 Deum
943 1112 1035 1173 super
1063 1094 1176 1169 omnia,

257 1194 351 1255 posse
373 1194 413 1235 ex
435 1176 623 1237 naturalibus
641 1177 746 1239 haberi
768 1181 870 1237 actum
887 1177 1002 1247 amoris
1015 1176 1177 1253 amicitiae,

256 1266 286 1318 et
307 1258 340 1318 id
363 1278 461 1339 genus
484 1268 639 1339 monstra,
668 1278 746 1339 quae
767 1278 824 1339 pro
846 1260 951 1339 primis
981 1259 1076 1319 ferme
1097 1260 1178 1338 prin·

256 1343 343 1421 cipiis
363 1342 503 1403 feruntur
524 1343 727 1403 scholasticae
740 1372 742 1377 ·
754 1342 952 1423 theologiae,
983 1350 1016 1401 et
1042 1343 1177 1403 omnium

256 1424 351 1486 libros
374 1434 406 1487 et
422 1444 510 1487 sures
532 1426 747 1505 impleverunt.
792 1426 833 1485 At
854 1445 937 1485 nunc
961 1426 992 1485 hi
1012 1425 1043 1503 ²)
1069 1442 1178 1485 omnes

255 1526 392 1586 errores,
424 1510 479 1569 snb
507 1509 642 1569 blociano
670 1508 825 1589 praesidio
854 1518 886 1568 et
913 1507 1178 1589 triumphabundis

255 1592 363 1672 signis,
386 1594 460 1652 satis
471 1598 594 1652 amenus
606 1592 793 1668 ceciderunt
807 1612 874 1652 sme
886 1592 978 1653 ullo
975 1611 1059 1653 erme
1070 1590 1177 1669 Marte

255 1668 413 1736 conterriti
435 1674 475 1736 ad
497 1676 597 1736 solum
619 1683 818 1755 conspectum
843 1675 970 1735 duarum
992 1675 1177 1755 propositio·

255 1779 326 1819 num
350 1757 557 1819 Carolostadii
573 1756 618 1838 3),
641 1778 767 1837 quarum
790 1759 874 1839 prior
894 1760 973 1819 haec
994 1758 1176 1839 Augustini:

255 1840 397 1903 Liberum
427 1842 583 1901 arbitrium
614 1843 680 1902 sine
702 1843 802 1922 gratia
823 1842 899 1901 nihil
921 1842 1020 1921 valet,
1049 1842 1110 1901 nisi
1137 1839 1177 1899 ad

253 1921 464 2020 peccandum,
489 1944 546 2005 pos
549 1926 643 1985 terior
663 1924 818 1986 Ambrosii
845 1924 938 1985 haec:
966 1924 1109 1985 Liberum
1132 1943 1177 1982 ar·

254 2006 375 2067 bitrium
405 2009 471 2068 sine
498 2008 597 2088 gratia
624 2014 709 2071 tanto
740 2009 828 2068 citius
855 2010 1042 2103 propinquat
1064 2008 1176 2085 iniqui-

254 2093 327 2171 tati,
351 2097 467 2169 quanto
488 2088 557 2151 ιοιι
538 2098 596 2151 trus
618 2078 855 2152 intenderitt
805 2098 855 2152 act
856 2092 930 2153 ioni.

336 2174 455 2235 Similia
477 2174 626 2255 trophaea
648 2181 679 2235 et
707 2174 808 2253 spolia
835 2174 1005 2235 retulerunt
1026 2175 1123 2234 ferme
1145 2182 1178 2233 et

253 2257 465 2337 indulgentiae
492 2276 531 2316 ex
552 2258 612 2317 hac
639 2277 761 2338 pugna,
787 2276 862 2337 quas
889 2277 952 2319 non
982 2259 1102 2318 mitiore
1126 2256 1178 2339 (ut

162 2372 163 2381 ι
251 2340 415 2438 garriupt)
430 2360 485 2402 sen
486 2340 637 2402 tentiat
604 2340 693 2402 utiles
716 2360 785 2402 esse
806 2341 925 2421 admisi
947 2340 1104 2404 sedutiles
1120 2359 1177 2406 .·s0

252 2426 313 2484 lum
338 2426 433 2504 pigris
463 2431 494 2485 et
522 2431 650 2485 stertent
638 2423 731 2484 tibus:
765 2433 899 2485 ceterum
927 2425 1078 2509 insaniam
1106 2444 1176 2484 esse

162 2559 163 2564 ,
212 2507 393 2585 delendi,
428 2509 454 2568 si
487 2509 554 2587 quis
588 2527 641 2568 eas
670 2507 767 2569 bonas
803 2516 835 2568 et
867 2496 957 2569 utiles
991 2527 1061 2568 esse
1089 2507 1175 2568 Chri-

253 2594 352 2652 stiano
374 2591 491 2651 homini
513 2591 632 2654 dixerit
675 2591 760 2650 Haec
767 2593 933 2671 ,inquam,
955 2591 1029 2651 mihi
1050 2593 1173 2650 interim
1211 2587 1213 2591 ’

253 2675 326 2734 satis
350 2682 421 2734 sunt
442 2675 584 2734 evenisse
606 2693 645 2733 ex
666 2674 724 2734 hac
746 2637 969 2754 disputatione,
997 2693 1077 2753 quae
1098 2673 1170 2733 ideo

253 2758 397 2835 recitavi,
418 2763 452 2816 ut
473 2751 649 2818 iactantiam
670 2757 840 2837 gloriosam
863 2757 1017 2818 Elccianae
1038 2757 1175 2816 haeresis

253 2840 632 2920 aliquantulumiuvarem,
654 2848 766 2917 cetera,
791 2841 841 2901 ubi
860 2841 937 2900 haec
959 2842 1109 2923 quispiam
1122 2857 1175 2898 eo-

253 2943 318 2984 rnm
345 2923 530 3004 impetierit,
566 2923 698 2984 fortusse
725 2922 810 2984 dabit
830 2913 1018 2984 Dominus
1011 2942 1042 2984 ιιι
1073 2923 1173 2981 lucem

253 3009 365 3068 venire
456 3049 459 3058 ·

334 3089 459 3150 Vidisse
490 3096 521 3149 te
543 3088 635 3148 credo
658 3089 743 3148 Flauii
771 3062 1004 3150 excusationem
1026 3089 1172 3148 adversus

255 3173 428 3254 Philippum
452 3179 589 3232 nostrum
612 3173 686 3230 satis
708 3172 833 3268 digpam
855 3173 1004 3233 Ecciano
1013 3172 1105 3252 genio
1127 3169 1173 3249 ⁴¹),

254 3258 282 3316 in
306 3275 368 3336 qua
389 3255 507 3317 homini
529 3257 621 3316 etiam
641 3256 673 3314 in
694 3255 788 3316 sacris
801 3257 906 3335 literis,
929 3264 1035 3334 terque
1056 3262 1175 3333 quater·

255 3359 311 3418 que
326 3339 471 3402 omnibus
482 3338 583 3398 uectis
596 3339 736 3418 doctiori,
750 3339 882 3419 denique
895 3347 926 3400 st
938 3337 1082 3400 sordidae
1093 3337 1174 3397 illius

255 3423 409 3484 Eccianae
446 3422 623 3501 theologiae
654 3440 718 3482 nou
753 3424 878 3503 ignaro,
923 3422 1090 3502 opprobrat
1116 3440 1173 3501 pro

255 3503 367 3587 magno
391 3506 466 3566 vitio
488 3505 717 3586 grammaticam
739 3506 979 3585 professionem,
1003 3513 1064 3566 tam
1087 3512 1175 3565 recto

255 3599 323 3650 sunt
343 3588 457 3649 iudicio
480 3589 618 3668 Magistri
640 3588 685 3648 illi
707 3591 805 3648 nostri
825 3589 948 3664 eximii,
978 3594 1010 3649 ut
1031 3587 1174 3648 eruditio

162 3699 163 3774 ,
255 3691 323 3767 nem
353 3673 517 3732 metiantur
546 3671 714 3732 secundum
743 3672 987 3751 qualificationes
1019 3691 1110 3749 suas,
1142 3678 1175 3730 et
1222 3672 1228 3694 ⁹

162 3963 164 4138 l

162 4147 164 4242 l

289 4029 317 4088 lt
340 4029 434 4082 laed
457 4028 527 4084 Jen.
547 4029 801 4084 contradictorium.
837 3974 872 4092 2)
890 4027 996 4084 lnedd.
1012 4032 1099 4098 orig·
1100 4005 1163 4082 hii

255 4101 285 4166 3)
306 4102 335 4155 lu
356 4101 399 4155 ed.
418 4101 497 4154 iera:
523 4102 643 4154 illarum.
681 4101 713 4168 3)
732 4101 817 4154 ibid:
838 4103 962 4169 ingenio

274 4191 279 4230 ι
870 4170 936 4233 16*
