3075 4775
363 536 447 610 142¹
553 544 707 612 Disputatio
725 543 838 612 bipniac
853 542 953 599 samia
971 558 996 599 a.
1016 544 1077 599 xix
1184 500 1187 507 v

364 732 510 879 qppdquid
532 721 571 796 sit
586 716 631 793 ¹de
644 728 821 813 particulari
835 722 959 813 iudicio,
982 715 1205 817 consequdirtia
1224 714 1290 796 'uod

364 840 383 878 v
416 823 456 881 ct.
1120 826 1123 831 “
1269 842 1272 851 ’

428 900 568 962 Transeo
591 901 785 959 autoritatem
799 898 987 963 Zachariae:
1013 893 1208 983 Adaequabit
1222 920 1291 980 gra·

362 985 435 1044 tiam
458 984 585 1067 gratiae,
607 984 678 1062 quia
701 983 896 1064 tropologico
919 993 950 1045 et
972 984 1053 1047 bono
1076 984 1169 1046 seusu
1192 988 1291 1063 eupo-

363 1069 443 1129 nitur
479 1066 534 1128 sed
557 1084 620 1127 non
642 1067 779 1147 proprio.
1169 1141 1172 1152 .

443 1114 477 1210 in
500 1149 562 1210 fine
583 1149 672 1210 buius
689 1148 809 1209 articuli
830 1149 922 1211 dicit:
948 1148 1075 1211 Etiamsi
1097 1171 1160 1213 uon
1179 1146 1292 1209 'essent

362 1243 424 1295 tam
446 1233 530 1294 clara
551 1232 848 1313 baectestimouia,
881 1232 942 1294 hoc
963 1240 1071 1295 tarncn*
1089 1232 1215 1295 deberet
1239 1252 1291 1313 ure

360 1318 531 1379 absterrere
552 1316 753 1397 theologum,
776 1316 859 1397 quod
881 1318 925 1377 sic
946 1317 1064 1396 absque
1084 1316 1288 1378 fundamento

361 1420 417 1482 pro
436 1420 506 1461 meo
529 1400 664 1477 arbitrio,
686 1417 754 1459 cum
778 1418 837 1459 nec
857 1399 960 1477 iudex,
984 1419 1042 1460 nec
1055 1404 1203 1481 assessor
1224 1398 1290 1474 fus,

361 1486 440 1563 rim,
464 1490 496 1544 ct
517 1490 622 1543 tam'eu
645 1482 806 1543 animabus
829 1482 1011 1544 exeuntibus
1034 1480 1196 1546 terminum
1219 1502 1290 1563 pro·

360 1569 500 1647 rogarim'
519 1561 665 1626 merendi.
708 1566 793 1627 Idem
815 1560 981 1647 retorqueo
1003 1568 1034 1627 in
1057 1556 1158 1649 ipsudi
1178 1568 1227 1645 Ι),λ
1240 1564 1290 1645 D„

361 1670 431 1711 cuni
452 1669 511 1710 nec
531 1651 599 1731 ipse
619 1649 713 1710 iudex
733 1668 793 1711 nco
816 1668 956 1713 assessor
981 1650 1091 1728 fuerit,
1120 1656 1152 1712 et
1184 1656 1289 1711 tamen

360 1734 520 1795 animabus
543 1739 656 1793 certum
679 1739 791 1793 statum
819 1731 905 1793 iuxta
928 1734 1096 1813 opiniones
1120 1728 1192 1794 suas
1214 1732 1289 1793 defi-

360 1820 425 1877 niat
447 1816 563 1895 absque
586 1815 806 1894 fundamento,
844 1818 1024 1897 praesertim
1058 1836 1127 1877 eum
1155 1816 1186 1875 id
1208 1814 1290 1878 nolit

361 1920 430 1963 csse
459 1901 636 1981 opinionem
676 1898 827 1960 duntaxat
864 1899 966 1978 (quod
1002 1900 1204 1962 libentissime
1243 1906 1288 1961 to-

360 1984 520 2060 lerarem),
542 1983 598 2044 sed
622 1983 737 2043 certam
760 1983 931 2044 scientiam.

359 2200 446 2261 Hora
480 2200 613 2261 secunda
654 2198 835 2262 continuata
864 2197 1038 2277 Disputatio
1070 2216 1127 2277 par
1158 2148 1290 2265 surdam

570 2334 607 2395 D.
629 2332 834 2396 Martinam
855 2332 1079 2415 Lutherum,

360 2470 411 2549 qui
435 2469 513 2529 dixit
533 2467 778 2545 declaraturum,
814 2487 849 2528 sc
870 2475 953 2530 recte
976 2468 1006 2544 ¹)
1042 2476 1075 2533 ct
1096 2467 1227 2530 candide
1249 2469 1290 2531 de

671 2551 834 2632 Scripturis
856 2554 978 2614 sentire.
1130 2557 1132 2564 '
1173 2573 1177 2578 ·

441 2717 481 2779 Et
512 2718 583 2798 quia
603 2734 672 2778 mea
694 2719 847 2779 sententia
868 2736 931 2780 nou
953 2720 1026 2782 satis
1061 2719 1223 2780 intellecta
1247 2721 1289 2780 vi»
1344 2719 1346 2726 '

359 2796 448 2863 detur
469 2803 595 2884 egregio
617 2801 654 2861 D.
676 2799 731 2876 lt,
759 2809 906 2880 quantum
929 2818 1057 2884 possum
1078 2803 1214 2882 apertius
1238 2823 1288 2863 me

357 2904 492 2967 expono,
515 2883 597 2965 quod
612 2883 786 2964 scripturae
809 2893 840 2946 ct
862 2885 890 2948 S.
904 2885 1011 2950 Patres
1032 2885 1148 2965 antiqui
1169 2887 1201 2946 iu
1225 2890 1289 2946 suis

358 2969 518 3032 sententiis
540 2967 707 3049 respiciunt
727 2967 860 3036 futuram
884 2969 987 3051 vitam,
1010 2984 1072 3052 qua
1092 2969 1143 3030 vel
1165 2969 1289 3030 salvan·

358 3061 405 3113 tur
425 3052 477 3114 vei
499 3050 682 3113 damnantur
702 3051 844 3132 animae,
878 3053 953 3115 nihil
981 3055 1020 3116 de
1042 3054 1221 3134 purgatorio
1244 3053 1289 3113 in·

358 3138 447 3196 terim
468 3135 652 3216 cogitantes.
675 3133 748 3194 ldeo
773 3136 887 3198 multae
907 3138 981 3201 illae
995 3137 1185 3214 autoritates,
1209 3156 1290 3218 quae

358 3218 515 3300 abnegant
525 3225 638 3279 statum
660 3217 799 3279 merendi
821 3219 994 3300 posthanc
1016 3223 1121 3298 vitam,
1144 3237 1208 3280 nou
1221 3233 1289 3302 per-

358 3306 457 3363 tinent
477 3300 517 3363 ad
537 3301 758 3384 purgatorium.
782 3301 873 3378 Quod
893 3305 918 3364 si
940 3307 1040 3368 adhuc
1060 3319 1124 3364 non
1146 3302 1289 3386 inteiligi-

358 3395 427 3465 tur‚
463 3384 607 3468 fingatur·
621 3387 833 3466 purgatorium
862 3387 979 3452 nulium
1006 3397 1093 3464 esse,
1124 3386 1203 3447 sicut
1224 3407 1289 3448 nou

358 3470 413 3530 fuit
435 3471 500 3529 cius
522 3470 670 3550 cogitatio
692 3470 723 3528 iu
745 3469 899 3531 mentibus
922 3488 1039 3537 eorum.
1070 3469 1157 3530 Tunc
1186 3471 1290 3532 adhuc

357 3552 482 3614 stabunt
502 3559 533 3613 et
553 3570 645 3613 verae
668 3557 757 3613 eruut
782 3571 891 3615 omnes
921 3557 1102 3621 autoritates
1133 3552 1290 3634 inductae,

357 3637 441 3715 quod
462 3644 533 3696 ante
555 3641 685 3697 mortem
707 3639 755 3697 cst
777 3636 883 3716 rita²)
913 3639 1059 3703 merendi.
1083 3635 1202 3698 Deinde
1225 3657 1289 3700 nou

357 3722 402 3780 sic
423 3721 462 3780 de
484 3721 599 3780 meritis
621 3718 734 3800 loquor
744 3721 914 3786 animarum
936 3725 969 3786 in
990 3721 1180 3805 purgatorio,
1204 3719 1289 3801 quod

357 3803 677 3885 aliquidopcrentur,
713 3803 769 3865 scd
793 3804 876 3883 quod
898 3810 1049 3892 recipiant
1072 3806 1201 3885 gratiam
1227 3825 1290 3866 am·

384 3998 387 4011 '
408 3990 437 4060 i)
456 3988 487 4044 In
503 3992 551 4048 ed.
570 3992 689 4060 uribid:
713 3992 760 4059 qui
781 3987 852 4043 dixit
870 4003 899 4043 sa
919 3987 1123 4042 declaraturum
1142 3990 1217 4039 recta
1237 3990 1289 4042 stc.

355 4064 388 4132 2)
410 4065 547 4120 Loaacber
565 4064 741 4117 scribendum
762 4077 824 4116 esse
843 4063 971 4115 coniicit:
991 4065 1074 4114 mssa
