3075 4775
486 586 491 593 ,
577 542 596 581 a
610 526 731 584 liotariis
747 534 876 600 exnaptn.
1114 529 1181 598 dul

260 710 380 789 operis,
407 728 502 789 qnare
529 730 593 773 non
615 711 734 776 videtur
754 714 834 778 bene
856 713 1093 795 dietum-quod
1114 717 1191 782 boa.

199 859 205 865 ,
260 790 447 875 minantes
468 795 632 857 insaniant.
674 795 743 857 Hoo
763 796 928 877 probatur,
951 799 1024 880 quia
1047 800 1179 864 eonlesia

259 877 290 935 in
310 876 361 954 iis,
382 895 461 956 quae
482 884 558 939 sunt
577 875 659 956 fidei,
680 899 744 941 non
765 887 856 960 errat,
879 888 911 941 et
923 885 1181 965 quaersspioiunt

259 959 430 1019 animarum
452 959 594 1025 salutem.
636 963 641 976 ‘
1079 994 1089 1025 ι

341 1042 428 1120 lmo,
455 1049 490 1103 ut
509 1042 539 1105 8.
562 1043 733 1125 Cyprianus
769 1048 822 1124 ait,
851 1038 934 1109 Deus
956 1065 1019 1108 non
1035 1052 1183 1129 permittit

258 1125 410 1186 maiorem
430 1136 549 1206 partem
573 1126 646 1189 olori
667 1148 779 1209 errare,
800 1128 855 1191 sed
876 1131 908 1189 in
928 1130 1067 1192 consiliis
1089 1152 1179 1213 gene

256 1206 390 1286 rnlibus,
417 1215 449 1269 et
476 1228 531 1289 per
552 1212 783 1273 universitatem
815 1214 888 1275 oleri
910 1215 971 1273 iam
993 1234 1012 1274 a
1035 1219 1180 1281 tresentis

258 1292 347 1351 annis
379 1290 592 1373 indulgentiae
624 1303 785 1376 reputatae
812 1303 883 1357 sunt
914 1296 1003 1357 utiles
1034 1307 1065 1358 et
1110 1303 1180 1379 piae

259 1373 451 1437 Christianis.
479 1374 571 1451 Quod
593 1378 691 1457 patuit
710 1379 742 1441 in
764 1379 897 1441 aonoilio
922 1379 1107 1469 Viennensi,
1129 1382 1180 1445 ubi

258 1458 451 1537 approbatae
472 1467 545 1519 sunt
565 1459 656 1521 datae
677 1481 734 1541 per
756 1462 913 1524 Urbanum
934 1462 986 1526 1v.
1009 1480 1066 1545 pro
1089 1484 1179 1527 vena

257 1540 363 1602 rabilis
385 1540 589 1603 eucharistiae
601 1546 812 1623 veneratione,
835 1565 905 1610 nam
922 1546 1085 1609 ooneilinm
1099 1548 1180 1611 hano

258 1622 377 1695 addidit
398 1626 549 1685 rationem
571 1628 732 1709 motivam,
754 1635 789 1689 ut
810 1628 921 1691 Christi
942 1628 1051 1693 fideles
1073 1642 1178 1696 essent

259 1708 357 1789 magis
386 1708 485 1788 parati
513 1706 554 1769 ad
582 1709 730 1789 obsequia
749 1712 958 1773 venerationis
991 1721 1023 1775 et
1049 1714 1177 1777 honoris

259 1798 457 1851 sacramento
480 1789 699 1871 impendenda.

318 1873 371 1935 Sia
395 1874 592 1937 innocentius
602 1874 654 1939 111.
676 1878 708 1937 in
731 1878 864 1959 oonsilio
883 1876 1029 1958 generali,
1051 1877 1102 1941 ubi
1123 1883 1178 1941 uti·

257 1956 405 2018 lissimam
418 1959 684 2020 constitutionem:
706 1959 813 2023 Omnis
826 1961 990 2039 utriusque,
1013 1968 1110 2023 atota
1131 1982 1180 2025 eo·

259 2040 354 2101 alesia
374 2046 543 2122 receptam,
564 2041 671 2121 edidit,
692 2043 732 2104 de
754 2043 954 2124 indulgentiis
967 2062 1100 2123 ‚quoque
1121 2046 1180 2107 dis-

257 2126 361 2203 posuit
386 2124 637 2204 hospitaliorum,
665 2126 785 2187 disens:
816 2126 1006 2207 lniungimus
1036 2127 1123 2189 vobis
1145 2131 1176 2191 in

257 2208 471 2288 remissionem
492 2214 705 2291 pennatorum,
734 2217 885 2289 quatenus
915 2208 1065 2273 debonis
1088 2212 1177 2274 vobis

259 2290 380 2350 collatis
403 2298 493 2371 grata
513 2291 559 2351 eis
579 2291 714 2354 subsidia
735 2293 871 2355 sanitatis
894 2294 1045 2376 erogetis,
1066 2302 1100 2355 ut
1121 2314 1177 2377 per

258 2374 492 2438 subventionem
515 2381 647 2437 vestram
675 2378 812 2457 ipsorum
837 2376 963 2458 inopiae
989 2378 1178 2460 oonsulatur,

258 2465 288 2518 et
307 2477 366 2519 vos
388 2476 445 2539 per
465 2456 561 2538 baeu,
590 2467 622 2520 et
640 2460 722 2539 alia,
756 2479 835 2540 quae
855 2459 990 2522 Domino
1012 2462 1180 2542 inspirante
1277 2473 1280 2480 ¹

259 2540 409 2620 feeeritis,
435 2540 475 2603 ad
497 2547 623 2602 aeterna
642 2545 766 2624 possitis
795 2542 909 2624 gaudia
928 2547 1099 2625 pervenire.
1142 2546 1175 2608 ln

259 2623 370 2686 eodem
393 2626 659 2703 quoqneaonoilio
681 2627 811 2688 limitata
828 2627 885 2688 fuit
898 2628 1075 2698 inferiorum
1091 2649 1178 2711 prae,-

257 2707 389 2769 latorum
411 2707 618 2788 indulgentias
639 2709 734 2773 dandi
754 2717 912 2790 potestas,
941 2729 1020 2790 quae
1048 2712 1079 2774 in
1102 2711 1179 2794 Lug·

257 2789 389 2852 dunensi
411 2792 545 2852 oonsilio
568 2791 680 2855 deinde
700 2793 757 2856 fuit
778 2793 957 2874 approbata.
1000 2793 1062 2855 Sed
1083 2796 1110 2855 si
1132 2796 1177 2854 in-

257 2872 439 2956 dulgentiae
460 2881 566 2936 essent
585 2877 690 2938 vitium
711 2877 785 2952 boni
808 2877 925 2957 operis,
946 2884 978 2937 et
998 2876 1178 2940 Christianis

257 2958 404 3038 inutiles,
440 2956 513 3037 quid
544 2976 621 3039 opus
644 2967 727 3022 esset
757 2959 956 3022 collationem
984 2961 1048 3020 vitii
1075 2962 1178 3040 operis

258 3043 396 3102 minuere
415 3041 448 3100 in
468 3040 604 3104 inferiori
625 3043 782 3125 praelato,
812 3050 845 3104 et
865 3043 1004 3106 oonferrs
1026 3044 1057 3103 in
1079 3045 1174 3124 pleni·

257 3125 394 3185 tudinem
417 3125 590 3204 potestatis.

337 3205 485 3288 Aonedit,
514 3208 597 3286 quod
628 3207 783 3271 laudabile
807 3208 1047 3272 Constantianos
1075 3212 1176 3272 oonsi-

256 3288 345 3369 lium,
375 3290 460 3370 quod
488 3297 520 3352 et
545 3293 624 3354 inter
652 3311 771 3354 errores
794 3291 953 3354 damnavit
974 3291 1059 3354 indul
1082 3295 1175 3358 entia

256 3392 322 3435 rum
344 3378 575 3455 contemptum,
597 3375 727 3437 eontulit
747 3373 955 3456 indulgentias
979 3312 1120 3438 omnibus
1142 3378 1174 3438 in

256 3457 389 3518 oonsilio
418 3458 652 3536 exsistentibus,
686 3466 719 3520 ot
741 3459 818 3520 feria
844 3464 934 3519 sexta
960 3457 1175 3539 ieiunantibus,

256 3541 338 3621 quod
360 3542 468 3604 luisset
489 3542 570 3603 bona
591 3561 688 3623 opera
706 3549 861 3605 tantorum
876 3541 998 3602 Petrum
1014 3542 1175 3622 inquinare

256 3635 286 3686 et
305 3623 442 3689 intinere.
464 3623 505 3685 Et
521 3623 653 3705 Gerson,
675 3645 765 3706 quem
786 3622 973 3688 reverendus
995 3623 1086 3686 Pater
1107 3627 1174 3688 illn-

256 3716 348 3770 stram
371 3707 552 3789 theologum
572 3709 719 3791 appellat,
740 3711 820 3772 siout
841 3708 896 3768 init
916 3708 981 3768 veri
1003 3715 1034 3768 et
1052 3707 1175 3770 honesti

256 3791 509 3871 studiosissimus,
530 3792 557 3852 is
579 3791 703 3871 decidit,
722 3791 980 3873 indulgentiarum
996 3793 1173 3854 oonoessio·

256 3895 325 3936 nem
355 3894 418 3936 non
445 3894 516 3936 asse
547 3878 634 3955 parvi
663 3874 861 3957 pendendam
895 3892 949 3934 seu
975 3881 1174 3936 oontemnen·

257 3957 336 4038 dam,
357 3957 412 4023 sed
436 3957 548 4020 devote
568 3958 827 4041 ampleotendam,
849 3961 880 4026 in
903 3955 973 4033 lide,
996 3976 1051 4037 spe
1073 3961 1103 4018 et
1120 3975 1171 4018 aar

256 4043 345 4106 ritate
356 4041 483 4103 Domini
504 4043 600 4134 nostrl
622 4041 828 4123 JesuOhristi,
851 4045 902 4124 qui
924 4039 1017 4098 talem
1039 4045 1173 4116 potesta·

281 4156 519 4208 masinissae
534 4159 811 4210 admuntense.
826 4162 866 4202 111.
971 4135 1002 4193 11
1034 4199 1036 4206 s
