3075 4775
534 495 682 617 Quomodo
700 549 738 606 sit
753 545 899 606 ciendum·
1132 537 1198 611 ut

276 757 316 798 ue
340 736 389 798 vel
401 737 560 801 minimum
574 735 720 816 quiddam
742 737 805 800 suis
826 736 968 816 precibus
984 747 1093 796 omnes
1112 748 1196 792 erse·

275 831 364 883 turae
384 821 549 899 impetrare
570 826 707 899 possent.

359 904 464 982 Atque
484 903 535 964 hio
556 903 652 979 vides,
675 923 737 964 non
759 903 873 967 uostris
895 902 1036 982 precibus
1058 904 1111 960 eut
1133 897 1196 977 dig-

278 988 365 1048 nitati
393 994 518 1048 nostrae
545 993 705 1067 acceptum
734 985 890 1046 ferendum
922 995 1006 1061 esse,
1041 983 1068 1043 si
1088 980 1160 1060 quid
1179 996 1206 1040 e·

277 1071 345 1130 Deo
368 1071 577 1149 impetramus,
600 1067 654 1130 sed
668 1070 869 1130 inexhaustae
883 1068 1012 1129 bonitati
1027 1067 1095 1144 Dei,
1117 1082 1198 1144 quoe

278 1164 399 1214 nostres
423 1171 590 1232 preessae
618 1162 691 1214 vote
713 1153 809 1214 multo
838 1147 1017 1228 antevertit,
1050 1167 1106 1208 sue
1128 1165 1196 1227 pro·

280 1238 427 1297 missione
448 1244 481 1298 et
502 1237 665 1314 mandato,
694 1235 804 1315 quibus
832 1236 870 1295 ed
896 1233 1043 1298 urendum
1067 1251 1124 1294 nos
1145 1249 1198 1290 ex·

209 1330 215 1342 “
279 1321 372 1395 citat,
416 1326 449 1378 ut
484 1319 533 1378 vel
557 1319 617 1382 hac
644 1321 765 1380 ratione
802 1319 971 1396 discemus,
1007 1336 1074 1376 eum
1105 1315 1200 1391 longe

254 1421 256 1425 ’
280 1404 377 1483 magis
408 1422 463 1482 pro
497 1402 587 1464 nobis
615 1403 779 1464 sollicitum
809 1421 892 1480 esse,
925 1408 956 1462 et
978 1399 1200 1480 promptiorem

279 1486 319 1546 ed
341 1484 548 1565 largiendum,
578 1505 668 1564 quam
692 1504 749 1545 nos
772 1487 864 1545 simus
908 1484 956 1544 vel
985 1482 1024 1543 ad
1046 1481 1200 1560 occipien-

280 1569 351 1628 dum
385 1567 435 1649 vel
468 1569 506 1628 ad
537 1568 715 1649 petendum.
758 1569 837 1644 Quia
870 1575 971 1633 autem
1009 1565 1077 1646 plus
1112 1561 1201 1623 offert

279 1651 371 1712 nobis
411 1652 578 1728 bonorum,
622 1672 714 1731 quam
752 1654 810 1730 ipsi
848 1659 955 1731 optsre
992 1652 1086 1710 simus
1124 1647 1201 1722 ausi,

280 1733 408 1796 deberet
437 1753 475 1793 ea
495 1733 665 1796 liberalitas
686 1736 744 1794 Dei
766 1755 823 1796 nos
846 1734 1019 1796 accendere
1041 1739 1072 1792 et
1094 1727 1201 1792 confir·

281 1836 383 1896 mere,
423 1826 464 1901 ut!
489 1819 555 1878 sios
589 1819 651 1878 ulls
673 1819 879 1878 haesitatione
912 1816 1102 1878 confidenter
1135 1833 1201 1874 ore·

280 1920 393 1963 remus.
530 1928 531 1931 ¹

363 1982 517 2059 Secundo,
539 1984 600 2044 hoc
623 2003 755 2063 quoquo,
781 1987 857 2048 sicut
872 1984 1013 2059 diximus,
1036 1982 1202 2042 adversm

281 2067 454 2146 orationem
469 2069 639 2145 requiritur,
662 2087 702 2128 ne
723 2067 794 2146 quid
813 2068 852 2126 de
865 2068 1070 2146 promissione
1084 2064 1201 2124 veracis

281 2169 320 2213 ac
351 2148 451 2215 fidelis
480 2149 538 2210 Dei
571 2150 754 2212 dubitemus.
803 2151 862 2212 Ille
892 2151 972 2210 enim
1009 2149 1202 2228 potissimum

281 2234 403 2294 ratione
424 2251 458 2294 se
480 2251 537 2294 nos
561 2233 772 2296 exauditurum
797 2235 946 2314 promisit,
968 2253 1006 2294 sc
1025 2230 1202 2292 mandatum
1316 2256 1321 2275 ι

283 2316 391 2378 orandi
406 2315 500 2393 dedit,
521 2322 555 2376 ut
565 2318 640 2379 certi
656 2336 805 2397 essemus,
828 2325 860 2378 et
870 2317 997 2378 firmiter
1010 2315 1204 2378 crederemus

283 2403 361 2477 lore,
383 2409 416 2460 ut
439 2419 496 2461 nos
519 2409 604 2461 cerm
628 2402 797 2463 exaudiret.
843 2402 937 2462 Sicut·
948 2400 1023 2462 dicit
1044 2398 1150 2461 Matth.
1164 2401 1201 2459 21

283 2493 315 2545 et
326 2484 418 2545 Marc.
434 2488 468 2546 ll
482 2503 488 2542 :
510 2483 588 2545 Dico
602 2484 704 2545 vobis:
730 2484 940 2562 Quaecunque
954 2490 1078 2545 orentes
1090 2482 1204 2562 petitis,

144 2615 145 2622 ,
242 2622 251 2642 χ
282 2566 398 2627 credite
420 2565 503 2645 quod
524 2567 693 2647 accipietis,
716 2575 748 2627 et
769 2573 858 2627 erunt
880 2567 974 2628 vobis.
1009 2566 1050 2625 Et
1065 2564 1203 2625 Lucil:

281 2652 380 2712 Petite
402 2658 435 2709 ct
454 2651 621 2730 accipietis,
644 2652 797 2729 quaerite,
820 2656 851 2710 et
872 2650 1051 2724 invenietis,
1074 2648 1205 2727 pulsate,

283 2742 315 2793 et
337 2734 492 2813 aperietur
514 2734 610 2795 vobis.
654 2733 761 2794 Omnis
785 2735 876 2811 enim,
900 2735 949 2812 qui
974 2733 1060 2811 petit,
1082 2730 1204 2808 accipit,

282 2826 313 2876 et
336 2816 387 2895 qui
410 2818 537 2894 quaerit,
559 2818 691 2894 invenit,
714 2825 745 2877 et
766 2817 900 2897 pulsanti
922 2817 1083 2896 aperietur.
1129 2811 1204 2887 Quis

282 2907 385 2961 autem
408 2919 447 2958 ex
459 2898 547 2959 vobis
570 2905 666 2979 pater,
688 2919 708 2958 e
721 2919 783 2979 quo
806 2901 831 2961 si
853 2898 933 2960 filius
947 2898 1204 2978 petieritpenem,

283 3001 355 3043 num
373 2981 512 3061 ‚lapidem
540 2982 626 3043 dabit
646 2983 710 3043 illi?
749 2992 802 3043 aut
829 2984 855 3043 si
877 2984 1008 3063 piscem,
1042 3000 1114 3039 num
1147 2997 1203 3059 pro

284 3067 369 3145 pisce
397 3072 571 3144 serpentem
595 3065 680 3126 debit
705 3065 772 3127 illi?
809 3075 859 3125 nul
896 3067 922 3125 sl
950 3064 1072 3146 petierit
1100 3081 1203 3139 ovum,

283 3168 355 3209 num
379 3150 515 3227 porriget
535 3149 582 3211 illi
602 3149 777 3228 scorpium?
801 3147 833 3209 Si
856 3168 930 3229 ergo
954 3167 1022 3225 vos,
1045 3166 1120 3231 oum
1137 3146 1203 3207 sitis

285 3232 372 3307 mali,
395 3234 492 3291 nostis
516 3232 600 3293 bona
621 3231 695 3291 dere
715 3231 786 3293 liliis
810 3235 933 3309 vestris,
967 3237 1082 3310 quanto
1106 3228 1205 3309 megis

283 3316 374 3375 Pater
403 3323 505 3382 vester
534 3315 678 3377 eoelestis
705 3315 791 3375 debit
812 3314 956 3397 Spiritum
990 3320 1128 3373 sancium
1151 3330 1204 3392 po·

283 3397 438 3459 scentibus
471 3418 514 3464 se.
557 3398 612 3459 His
632 3406 664 3459 et
683 3399 833 3462 similibus
856 3406 918 3459 tum
941 3395 1205 3477 promissionibus,

284 3490 346 3541 tum
379 3482 551 3560 praeceptis
578 3481 807 3546 confirmandus
838 3484 958 3543 enimus
981 3484 1042 3557 est,
1078 3487 1112 3541 ut
1133 3499 1204 3541 con·

283 3564 414 3627 tidenter
436 3584 568 3642 oremus,
590 3566 675 3642 certi,
698 3566 803 3627 omnia
827 3584 906 3643 quse
927 3566 1058 3644 petimus
1075 3582 1133 3623 nos
1156 3581 1203 3623 ac-

283 3655 438 3727 cepturos.

367 3730 481 3808 Tertio,
505 3731 529 3791 si
552 3731 717 3811 quiantem
739 3730 881 3793 dubitant
902 3731 941 3793 de
962 3730 1123 3793 uoluntate
1136 3728 1204 3802 Dei,

283 3834 353 3878 cum
377 3822 482 3890 orent,
516 3820 547 3873 et
567 3820 682 3876 temere
704 3801 809 3892 ors'nt,
833 3815 898 3875 sive
918 3813 973 3877 fiet
994 3813 1077 3893 quod
1100 3820 1203 3891 postsi-

283 3899 365 3971 lent,
395 3898 460 3957 sive
482 3916 562 3974 non,
595 3897 638 3956 illi
661 3898 723 3957 duo
746 3904 876 3976 pecunie
898 3898 1100 3959 committunt.
1143 3892 1203 3953 Pri·

284 4000 384 4057 mum,
419 3978 502 4059 quod
523 3981 660 4059 ipsorum
682 3982 757 4041 vitio
780 3981 908 4059 eccidit,
943 3999 1004 4059 quo
1029 3980 1127 4039 minus
1150 3976 1202 4037 ali·

283 4056 357 4145 qnid
390 4080 429 4124 sa
462 4065 564 4125 oratio
591 4063 708 4143 valent,
742 4070 774 4123 et
806 4063 888 4142 quod
916 4063 1026 4151 frustrp
1053 4060 1204 4123 laborent.
