3075 4775
482 552 540 605 anis
558 551 666 619 lipsiae
682 549 829 619 disputatis
849 566 874 604 a
892 550 963 603 ΧΙΧ.
1127 542 1194 659 235,

272 754 290 795 a
311 736 423 795 timore
445 735 537 795 etiam
560 735 663 796 servili
684 736 779 816 incipi
800 734 1011 808 contenderit,
1032 735 1083 795 vel
1103 735 1191 816 iguo·

272 838 342 878 raus
370 818 420 878 vel
443 818 661 895 dissimulans,
695 818 777 899 quod
810 819 931 879 servilis
958 820 1050 878 timor
1079 820 1110 879 in
1132 819 1192 880 hac

271 904 332 962 'vita
354 920 418 962 uon
441 904 562 983 penitus
585 902 710 963 tollitur.
743 902 821 964 Ideo
845 905 937 963 etiam
959 902 1060 962 inlusa
1082 905 1190 983 gratia,

272 1004 351 1065 quae
371 986 480 1064 incipit
502 986 745 1065 poeniteutiam,
779 987 921 1059 timorem
943 985 1086 1045 servilem
1108 1006 1192 1047 com·

271 1074 398 1141 movet,
432 1068 522 1127 simul
545 1088 677 1148 operans
699 1070 840 1130 timorem
862 1069 1003 1144 filialem,
1040 1087 1108 1128 cum
1130 1071 1192 1131 sint

271 1170 367 1231 opera
389 1152 445 1212 Dei
469 1152 637 1230 terribilia,
670 1152 741 1212 dum
765 1152 973 1213 vivificaturus
996 1151 1110 1211 occidit
1130 1160 1191 1215 etc.

270 1234 318 1295 Διι
342 1242 445 1295 autem
469 1236 591 1296 animae
615 1242 719 1296 essent
739 1244 843 1297 certae
860 1236 900 1296 de
921 1236 1020 1296 salute
1040 1241 1073 1294 et
1092 1237 1193 1314 gratia

163 1332 164 1375 1
271 1320 299 1378 in
324 1320 369 1378 eis
394 1326 566 1397 augeretur,
589 1318 652 1378 dixi
676 1338 725 1379 me
747 1321 883 1389 nescire,
904 1320 990 1379 iuxta
1012 1316 1193 1397 disputatio·

270 1420 340 1462 nem
369 1420 469 1461 meam
502 1402 532 1461 in
555 1401 760 1475 resolutorio,
799 1402 930 1463 necdum
963 1403 1031 1482 ipse
1056 1400 1192 1469 demon·
1232 1424 1237 1429 ·

270 1486 379 1545 stravit
406 1486 612 1561 condalium,
644 1486 687 1544 ita
719 1486 821 1546 adhuc
846 1485 948 1547 media
981 1484 1098 1565 pendet
1124 1503 1192 1545 seu-

269 1570 377 1630 tentia.

353 1686 401 1745 De
423 1684 601 1783 indulgent
582 1704 619 1743 ns
641 1703 741 1763 paene
768 1684 1011 1759 concordamus
1047 1703 1127 1765 quae
1162 1690 1194 1745 et

271 1764 369 1867 prope
392 1769 422 1828 in
445 1770 537 1828 risum
560 1766 720 1843 abierunt,
758 1768 910 1847 siquidem
937 1777 967 1828 et
1000 1768 1067 1847 ipse
1089 1767 1192 1847 palam

271 1855 303 1913 in
325 1852 440 1933 vulgus
460 1870 582 1931 quoque
594 1850 795 1911 concionatus
819 1858 874 1928 est,
898 1871 960 1911 non
983 1870 1053 1911 esse
1069 1850 1191 1929 quidem

273 1956 323 1997 eas
341 1933 595 2012 contemnendas,
618 1953 675 1993 nec
697 1935 830 1993 tamen
823 1955 852 1992 ιιι
871 1954 915 1993 ers
928 1932 1096 2007 fidendum
1118 1953 1192 2013 quo·

272 2018 365 2079 modo
390 2019 415 2077 si
429 2018 557 2077 fuissent
568 2034 622 2097 per
635 2016 894 2097 indulgentiarios
906 2017 1114 2097 praedicatae,
1135 2037 1194 2077 uec

272 2103 349 2163 Mart
337 2099 432 2179 tinil)
458 2120 569 2160 nomeu
586 2098 680 2160 hodle
694 2098 863 2161 ullusforte
885 2108 1001 2162 nosset.
1025 2099 1086 2161 sed
1110 2102 1192 2161 etin

163 2218 166 2229 ·
273 2185 402 2265 seipsis
425 2184 483 2244 iam
504 2182 553 2243 din
573 2184 768 2259 corruissent,
792 2183 993 2246 morientibus
1016 2204 1089 2265 prae
1111 2183 1192 2244 fame

275 2267 510 2343 commissoriis,
522 2267 547 2326 si
562 2266 694 2345 populus
712 2269 859 2342 novisset,
881 2287 944 2329 non
958 2288 1027 2338 esse
1049 2268 1080 2327 in
1103 2268 1146 2327 eis
1158 2264 1189 2349 ²)

163 2348 165 2392 ἓ
272 2350 437 2412 fidendum.
461 2348 566 2429 ltaque
588 2368 677 2428 quam
703 2370 761 2432 ego
784 2351 850 2412 fore
872 2351 1017 2432 putabam
1042 2370 1191 2412 summam

273 2433 408 2516 disputa
363 2434 489 2495 ttaiouis
512 2440 544 2493 et
562 2452 627 2494 rem
642 2436 776 2494 omniurn
787 2436 1089 2514 periculosissimam,
1112 2434 1191 2495 adeo

273 2520 337 2579 sine
361 2524 461 2614 negot
462 2518 491 2576 io
449 2517 713 2592 tconfecimue
735 2523 768 2577 ut
790 2518 864 2578 nihil
885 2519 949 2579 fere
971 2519 1095 2598 segnius
1116 2524 1192 2577 trae

273 2601 454 2674 invenimus,
486 2600 548 2660 imo
570 2619 725 2678 nunquam
749 2601 902 2675 infelicius
926 2608 957 2661 et
978 2602 1118 2699 miserius
1139 2599 1193 2660 ha-

272 2684 403 2746 buerunt
423 2681 641 2762 indulgentiae.

353 2799 458 2875 Quare
492 2801 566 2862 satis
593 2804 674 2861 tutus
704 2801 817 2860 mansit
843 2819 945 2861 sermo
979 2819 1065 2860 meus
1086 2799 1156 2860 de
1148 2820 1191 2860 ru·

163 2927 164 2948 ι
271 2883 436 2964 dulgentiis
459 2884 640 2944 vernaculus
662 2901 730 2944 oum
752 2883 819 2958 his,
850 2885 984 2962 quaein
1006 2882 1191 2944 resolutorie
1286 2926 1292 2934 ·

270 2975 300 3028 et
320 2977 431 3028 contra
453 2965 662 3027 Silvestrum
653 2966 872 3026 inhonorem
895 2968 1028 3046 scripsi,
1048 2965 1121 3026 licet
1141 2966 1192 3026 vel
1237 3007 1249 3021 ,

270 3069 357 3112 more
379 3069 447 3123 suo,
471 3050 550 3110 vel
541 3069 631 3110 iussu
647 3049 797 3110 fermenti
811 3050 857 3110 sui
879 3071 942 3111 non
964 3049 1100 3130 potuerit
1121 3069 1190 3108 enm
1287 3065 1296 3071 ·

270 3132 516 3213 irreprehensum
538 3133 728 3210 relinquere,
756 3152 889 3194 causans
911 3133 994 3214 qnod
1014 3133 1191 3210 deciperem

269 3216 411 3278 homines
433 3216 533 3277 verbis
556 3217 652 3290 meis,
692 3223 724 3275 et
746 3217 838 3276 vitam
860 3237 973 3277 novam
1006 3223 1038 3276 et
1057 3235 1190 3292 enicem,

270 3319 360 3378 quam
383 3299 481 3358 aDeo
504 3300 615 3377 requiri
637 3301 667 3358 in
690 3308 856 3378 peccatore
868 3302 1015 3376 dixeram,
1037 3304 1099 3358 tam
1122 3298 1190 3378 pro-

270 3382 381 3442 lundus
404 3382 568 3462 theologus
591 3401 653 3442 non
670 3381 823 3444 intellexit
844 3383 1003 3444 includere
1025 3401 1117 3442 omne
1137 3402 1190 3461 ge·

218 3507 223 3518 .
268 3485 324 3526 uus
348 3465 431 3539 mali,
454 3466 546 3526 etiam
570 3467 677 3526 mortis
694 3467 725 3526 in
746 3466 809 3526 hoc
830 3466 954 3526 mundo.
983 3465 1049 3526 Nec
1071 3466 1190 3540 mirum,

269 3551 340 3626 quia
362 3566 425 3608 nou
448 3547 642 3628 Scripturas,
677 3568 736 3608 nee
762 3558 868 3628 tropos
889 3551 977 3625 eins,
1010 3548 1064 3609 sed
1086 3548 1189 3607 lumen

163 3709 164 3712 Ἴ
269 3639 417 3706 naturae,
439 3629 661 3706 Aristoielem,
681 3639 712 3692 et
732 3632 922 3692 illuminatos
943 3632 1054 3693 eodem
1075 3630 1190 3690 lumine

269 3714 412 3774 doctores
435 3713 584 3776 duntaxat
602 3715 688 3795 legit.
712 3714 751 3774 [dt
771 3722 876 3778 tannen
897 3716 982 3776 velut
991 3714 1085 3777 Moab
1107 3731 1188 3773 arro-

268 3799 465 3876 gantissimus
494 3797 562 3876 plus
591 3803 792 3877 praesumens
823 3818 912 3877 quam
935 3805 1063 3879 posset,
1085 3795 1190 3858 omnia

189 4099 193 4110 Ι
303 4032 334 4102 1)
357 4033 387 4084 ln
407 4032 451 4087 ed.
469 4034 544 4090 len:
565 4035 684 4090 Lutheri.
721 4033 754 4098 2)
773 4032 859 4096 lbids,
876 4052 933 4090 aas.
