3075 4775
345 546 388 616 80
512 545 667 617 Disputatio
688 547 796 616 Lipsiae
812 547 909 600 babitu
927 563 953 600 a.
973 544 1030 599 iiix

349 738 408 798 tius
432 736 592 814 ecclesiae,
614 735 675 796 hoc
696 729 829 796 debebat
849 734 980 813 probare
992 733 1265 800 Dominus.Pater.

347 821 442 883 Sexta
469 828 571 880 autem
598 817 735 899 synodus
758 836 904 897 expresse
930 819 1059 897 primam
1081 817 1186 877 sedem
1213 816 1268 878 dat

346 905 506 965 Romanae
539 901 702 979 ecciesiae,
742 919 821 980 quae
842 901 1055 962 transsumitur
1080 900 1162 960 xxu
1197 900 1265 961 dist.

350 985 441 1062 Quod
464 993 494 1046 et
516 985 577 1047 Leo
600 1004 681 1065 papa
703 992 811 1044 contra
836 986 1053 1064 imperatorem
1075 983 1268 1060 Michaelem,

349 1078 380 1130 et
401 1069 435 1130 B.
458 1068 624 1148 Gregorius
656 1075 762 1129 contra
791 1067 963 1127 iohannem
986 1064 1269 1146 Constantinopoli·

349 1161 453 1214 tanum
476 1159 507 1212 et
529 1150 706 1211 Mauricium
729 1151 945 1230 imperatorem
968 1149 1108 1210 obtinuit.

431 1234 521 1296 Unde
543 1233 604 1295 hoc
624 1233 695 1294 ioco
718 1232 747 1292 id
771 1252 893 1312 quoque
915 1233 1069 1294 excutiam
1090 1232 1129 1292 de
1147 1232 1181 1294 B.
1194 1231 1268 1292 Gre·

349 1320 447 1398 gorio,
470 1337 560 1398 quem
583 1319 626 1377 ita
635 1317 761 1392 inducit,
786 1323 818 1376 ut
828 1318 991 1396 primatum
1012 1316 1163 1390 reiecerit,
1184 1314 1267 1394 quod

350 1408 471 1462 constat
493 1419 562 1462 esse
583 1399 795 1475 falsissimum,
818 1417 886 1459 oum
908 1399 1056 1479 Platynae
1078 1406 1195 1459 tantum
1216 1399 1269 1460 iri-

248 1560 254 1568 ]
351 1485 434 1563 buat,
456 1486 507 1563 qui
530 1484 575 1544 sic
598 1483 636 1542 de
659 1481 689 1542 S.
712 1480 863 1562 Gregorio
878 1482 992 1542 scribit.
1008 1482 1172 1542 Praeterea
1194 1500 1269 1542 veru

351 1587 419 1628 cum
454 1567 613 1627 iohannes
652 1565 885 1645 Constantinop.
929 1565 1122 1644 Episcopus,
1164 1563 1271 1625 habita

352 1650 540 1712 Graecorum
563 1647 701 1728 synode,
724 1667 758 1708 se
775 1649 874 1727 ipsum
896 1647 1190 1722 oecumenicumid
1212 1654 1270 1725 est,

351 1731 554 1794 universalem
578 1731 781 1811 patriarcham
804 1739 947 1807 creasset,
970 1733 1141 1803 monuisset
1152 1729 1271 1809 Grego-

349 1819 426 1876 rium
449 1815 620 1892 Mauricius,
635 1821 675 1874 'nt
696 1813 830 1874 Johanni
853 1814 1089 1894 obtemperaret,
1111 1811 1272 1893 respondit

354 1898 448 1960 homo
472 1899 641 1958 constantis
662 1898 777 1978 ingenii
800 1905 831 1957 et
842 1896 924 1973 fidei,
946 1904 1133 1977 potestatem
1154 1895 1271 1976 ligendi

350 1990 441 2061 atque
454 1980 594 2042 solvendi
607 1981 696 2040 Petro
715 1979 867 2058 traditam,
889 1982 1016 2063 eiusque
1029 1978 1271 2055 successoribus,

351 2084 413 2148 non
437 2065 589 2144 episcopis
611 2063 978 2144 Constantinopolitanis,
999 2061 1130 2145 proinde
1150 2061 1271 2122 desine

243 2202 252 2210 „
351 2155 397 2208 ret
417 2149 493 2207 iram
515 2148 572 2207 Dei
595 2147 625 2205 in
648 2165 681 2206 se
704 2147 870 2207 connitere.
967 2193 972 2198 .

399 2225 409 2246 ⁸
433 2229 481 2290 Ex
505 2248 565 2309 quo
588 2228 905 2308 constatGregorium
927 2230 992 2290 sine
1014 2228 1107 2289 dubio
1129 2235 1271 2288 sanctum

355 2321 386 2374 et
407 2312 551 2374 humilem
575 2312 694 2372 Patrem
717 2314 878 2393 primatum
901 2333 963 2374 non
986 2312 1086 2373 solum
1109 2330 1172 2372 non
1195 2311 1272 2372 reie-

353 2398 447 2475 cisse,
483 2396 661 2459 sedetiam
685 2398 854 2457 asseruisse
874 2403 982 2458 contm
999 2398 1216 2475 imperatorem
1240 2402 1274 2455 et

352 2480 525 2541 Johannem
549 2480 727 2559 episcopum
752 2480 988 2559 Constantinop.
1012 2477 1067 2559 ¹).‘
1098 2477 1188 2540 Unde
1210 2496 1271 2557 ego

352 2563 427 2625 nolo
456 2570 517 2623 tam
546 2569 653 2623 sancto
675 2562 756 2623 Patri
778 2564 952 2643 imponere,
982 2561 1065 2642 quod
1084 2559 1273 2626 reverendus

358 2646 456 2725 Pater,
479 2654 512 2706 ut
533 2647 579 2705 sui
603 2646 727 2705 minime
749 2654 907 2723 constans,
929 2644 1124 2719 contraria2)
1148 2652 1179 2705 et
1199 2662 1275 2725 pug-

308 2722 312 2732 ’
359 2730 464 2790 nantia
488 2728 599 2799 dixerit
620 2728 805 2809 Gregorius,
826 2729 895 2789 sed
914 2728 1115 2792 universalem
1143 2746 1178 2789 se
1205 2746 1277 2789 csse

354 2815 532 2893 episcopum
555 2814 700 2893 negavit,
718 2811 757 2872 ad
780 2832 901 2873 sensum
926 2811 1029 2871 datum
1052 2812 1083 2871 in
1106 2812 1208 2892 priore
1230 2808 1275 2870 di·

354 2898 538 2976 sputatione,
562 2905 592 2955 et
614 2902 715 2955 tamen
735 2896 896 2975 primatum
920 2895 1058 2956 obtinuit.

439 2979 530 3054 Quod
544 2984 646 3039 autem
669 2996 791 3057 semper
811 2980 870 3039 iste
890 2978 979 3039 fuerit
992 2997 1068 3057 mos,
1091 2978 1183 3037 etiam
1198 2979 1274 3037 tem-

294 3126 297 3131 ,
355 3081 432 3142 pore
455 3062 709 3138 conciliiNiceui,
732 3061 922 3139 observatus,
944 3060 1041 3140 liquet
1062 3081 1101 3121 ex
1115 3060 1215 3140 Epist
1223 3061 1274 3123 9¹2.

154 3134 155 3141 ἵ
266 3192 271 3201 ,
357 3146 521 3227 Augustini
544 3145 849 3224 etOoepiscoporum
872 3145 911 3205 ad
933 3144 1145 3211 Innocentium
1168 3143 1202 3220 1,
1224 3140 1277 3209 ubi

354 3230 508 3307 inquiunt:
546 3227 625 3302 Quia
644 3235 674 3287 te
697 3227 848 3289 Dominus
869 3228 988 3309 gratiae
1000 3247 1086 3289 'suae
1106 3226 1275 3307 praecipuo

359 3309 539 3373 munere'in
562 3310 643 3373 Sede
665 3311 1023 3391 apostolieacollocuvit,
1046 3310 1201 3389 talemque
1221 3328 1276 3369 no·

355 3396 424 3455 stris
449 3394 637 3475 temporibus
659 3396 811 3475 praestitit
831 3395 951 3475 magnis
978 3393 1119 3473 periculis
1140 3390 1276 3454 intirmo-

356 3498 421 3539 rum
460 3476 664 3543 membrorum
704 3476 825 3555 Christi,
865 3478 1052 3557 pastoralem
1085 3475 1277 3555 diligentiam

355 3580 538 3640 quaesumus
571 3560 716 3621 adhibere
736 3560 883 3642 digneris.
926 3560 1108 3641 Respondet
1126 3578 1208 3640 papa
1241 3559 1275 3617 in

357 3645 489 3725 epistola
512 3646 666 3723 sequenti:
698 3644 868 3725 Diligenter
895 3663 969 3725 ergo
991 3652 1024 3704 et
1045 3660 1181 3723 congrue
1202 3660 1278 3722 apo·

298 3934 304 3945 ’
346 3976 354 3999 t
410 3942 439 4005 1)
457 3941 488 3993 In
508 3940 549 3995 ed.
570 3942 654 4009 orig:
673 3942 865 4007 imperatorem
886 3934 1275 4004 etOonatantinopolitannm;
1317 3994 1322 4004 Ι

355 4019 452 4066 nostra
468 4013 548 4067 lectio
567 4008 683 4080 repetita
701 4017 744 4064 est
764 4026 800 4063 ex
819 4010 860 4063 ed.
880 4008 941 4062 Jen.
961 4014 988 4061 et
1005 4007 1162 4062 Loescheri.
1189 4005 1224 4071 2)
1244 4004 1277 4057 ln
1383 4075 1384 4082 ἵ

356 4086 399 4138 ed.
417 4085 476 4138 ien.
496 4090 523 4137 st
542 4101 585 4155 ap.
605 4084 733 4139 busson:
754 4081 829 4153 qnod
847 4082 994 4135 contraria.
1060 4106 1065 4116 ·
