3075 4775
363 566 426 633 402
656 565 676 620 L
695 564 801 621 concio
821 566 849 618 D.
869 566 904 621 ll.
924 565 1001 618 buth.

365 752 480 811 Verum
502 768 568 809 sum
592 751 788 832 baptizatus,
826 757 857 810 et
879 749 964 826 scio,
1003 747 1085 827 quod
1107 748 1207 825 Deus,
1237 748 1289 827 qui

365 834 486 897 mentiri
508 851 571 895 non
593 841 707 915 potest,
730 853 785 915 per
806 832 990 912 baptismum
1015 830 1134 893 semihi
1156 829 1289 891 obstrin-

364 918 453 993 xerit,
475 915 559 995 quod
580 919 660 979 nolit
679 922 810 997 peccata
829 916 904 975 mihi
925 916 1085 995 imputare,
1107 912 1162 974 sed
1185 914 1288 994 potins

365 1019 404 1061 ea
424 1001 455 1059 in
477 1018 527 1060 me
549 999 734 1061 mortificare
756 1006 788 1060 et
809 996 944 1059 abolere.

447 1080 552 1143 Tertio
576 1083 713 1163 decimo,
746 1081 893 1163 intelligis
927 1082 1019 1162 igitur
1040 1085 1177 1140 nostram
1201 1080 1290 1139 inno·

365 1167 519 1242 centiam,
540 1167 571 1225 in
594 1185 656 1246 qua
677 1186 697 1225 a
718 1165 872 1246 baptismo
898 1182 1022 1242 sumus,
1046 1169 1143 1223 totam
1165 1161 1289 1245 divinae

366 1247 595 1311 misericordiae
616 1248 739 1328 deberi,
768 1266 848 1327 quae
877 1266 935 1309 nos
963 1251 1146 1329 peccatores
1167 1244 1289 1325 tolerat,

365 1350 466 1411 neque
485 1333 616 1412 imputat
638 1331 727 1392 nobis
750 1337 888 1412 peccata,
910 1329 1037 1411 perinde
1059 1336 1151 1408 atque
1174 1330 1200 1389 si
1223 1329 1289 1388 sine

365 1416 502 1495 peccatis
524 1434 672 1478 essemus.

448 1496 528 1559 Hinc
549 1517 672 1577 quoque
693 1496 852 1577 intelligis,
875 1516 969 1577 quare
985 1495 1151 1559 Christiani
1174 1496 1289 1577 miseri·

367 1579 493 1641 cordiae
514 1579 578 1659 filii,
601 1580 734 1661 populus
756 1581 884 1659 gratiae,
906 1581 980 1641 item
1001 1578 1154 1656 homines,
1179 1576 1288 1657 quibus

366 1663 449 1723 Dens
472 1662 551 1725 bene
572 1664 655 1743 velit,
678 1665 709 1723 in
732 1664 826 1723 sacris
849 1664 943 1723 literis
966 1661 1169 1743 appellentur.
1213 1659 1288 1721 ldeo

366 1746 501 1822 scilicet,
528 1746 612 1825 quod
642 1749 673 1807 in
695 1745 849 1827 baptismo
874 1747 1032 1827 coeperint
1060 1743 1230 1826 purificari,
1260 1750 1290 1804 et

366 1830 486 1909 peccati
518 1831 666 1910 reliquiae
702 1830 744 1905 (si
766 1848 846 1908 quae
868 1831 898 1891 in
929 1831 973 1890 eis
995 1825 1194 1907 remaneant)
1226 1845 1290 1888 non

366 1912 576 1974 condemnent
604 1933 669 1974 eos.
695 1912 789 1990 ,Turn
823 1912 945 1973 demum
975 1918 1077 1973 autem
1101 1912 1228 1972 omnino
1251 1910 1290 1971 ab

367 1993 510 2056 omnibus
531 1998 667 2078 peccatis
688 1994 776 2057 liberi
798 1997 924 2075 vivent,
958 2014 1026 2055 curn
1049 1995 1161 2057 mortui
1182 1994 1213 2052 in
1237 2011 1290 2054 no·

366 2080 492 2219 pissimo
515 2079 565 2141 die
586 2086 755 2160 resurgent,
777 2078 809 2139 id
831 2078 914 2158 quod
937 2078 1079 2158 baptismi
1101 2078 1223 2158 signum
1246 2076 1290 2136 in·

387 2162 460 2222 icat.
1177 2193 1184 2205 .

448 2243 557 2323 Longe
577 2244 670 2325 igitur
692 2251 810 2321 errant,
839 2246 865 2305 si
889 2245 940 2324 qui
961 2249 1080 2324 putant,
1101 2244 1163 2303 iam
1187 2249 1250 2301 tum
1273 2262 1292 2301 a

367 2325 521 2407 baptismo
549 2346 584 2388 se
612 2326 651 2388 ab
675 2328 816 2390 omnibus
841 2328 976 2408 peccatis
998 2324 1161 2387 mundatos
1192 2344 1229 2385 ac
1257 2324 1293 2385 li-

367 2410 501 2489 beratos,
523 2410 597 2471 iacit
619 2412 699 2472 enim
721 2413 774 2473 ille
797 2432 892 2492 error,
915 2414 949 2472 ut
961 2411 1060 2471 securi
1082 2409 1292 2486 obambulant,
1351 2413 1353 2417 '

367 2512 469 2573 neque
496 2513 630 2574 uuquam
660 2493 699 2555 de
726 2493 948 2556 mortificandis
976 2493 1113 2574 peccatis
1143 2493 1290 2573 cogitent.

358 2576 400 2644 ,Si
422 2576 505 2656 quod
519 2577 709 2639 admiserunt
743 2585 892 2658 occatum,
915 2597 949 2638 se
970 2596 1033 2638 non
1057 2595 1205 2657 peccasse
1228 2577 1291 2656 opi-

368 2669 493 2738 nantur,
525 2662 568 2722 ita
589 2669 691 2722 autem
715 2599 766 2738 gt,
797 2668 830 2722 ut
857 2663 888 2722 in
910 2661 1046 2742 peccatis
1067 2660 1236 2740 perdurent
1256 2677 1293 2720 ac

366 2763 493 2823 prorsus
514 2744 653 2806 inutilem
683 2743 741 2806 sibi
763 2744 948 2825 baptismum
971 2743 1112 2805 reddant.
1154 2741 1293 2804 Haerent

368 2827 449 2887 enim
476 2828 508 2886 in
538 2829 673 2888 externis
695 2834 814 2890 tantum
843 2827 1004 2909 operibus,
1034 2825 1223 2906 subwquibus
1246 2845 1291 2886 se·

367 2910 455 2989 pulta
475 2909 636 2990 superbia,
657 2910 772 2990 odium,
796 2910 918 2991 aliaque
941 2911 1016 2970 vitia
1047 2909 1144 2991 magis
1166 2928 1204 2970 ac
1230 2928 1292 2970 ma-

366 2993 413 3072 gis
436 2993 510 3073 ipsis
531 2993 745 3074 ignorantibus
767 3001 920 3060 crescunt.

450 3077 564 3136 Verum
607 3095 669 3138 non
705 3078 749 3138 ita
777 3077 953 3139 faciundum
981 3083 1042 3152 est,
1082 3095 1210 3138 necesse
1245 3081 1293 3136 est

368 3161 467 3236 enim,
490 3164 524 3220 ut
547 3167 700 3240 peccata,
732 3161 806 3222 item
829 3163 958 3223 vitiosos
981 3159 1108 3222 affectus
1130 3178 1187 3240 pro
1210 3159 1292 3219 veris

366 3243 502 3321 peccatis
523 3260 683 3324 agnoscas.
717 3243 807 3321 Quod
831 3251 934 3305 autem
956 3243 1010 3305 illa
1032 3251 1062 3304 te
1083 3241 1293 3303 condemnare

368 3325 589 3405 nonpossint,
625 3326 701 3387 illud
724 3334 821 3388 totum
846 3326 969 3389 divinae
992 3324 1223 3386 misericordiae
1245 3345 1292 3386 re·

263 3405 268 3415 '
367 3406 446 3468 feres
468 3417 641 3490 acceptum,
664 3429 764 3490 neque
786 3412 867 3471 enim
883 3411 967 3472 Deus
985 3429 1022 3470 ea
1044 3408 1109 3469 vult
1129 3409 1292 3489 imputare,

367 3490 411 3552 ita
432 3496 553 3571 tamen,
588 3501 622 3553 ut
651 3500 683 3554 tu
705 3512 829 3574 quoque
851 3513 919 3555 cum
951 3495 994 3553 eis
1017 3492 1177 3572 depugnes
1201 3511 1294 3552 eruce

369 3579 400 3633 et
421 3572 510 3635 bonis
533 3574 687 3656 operibns,
709 3577 812 3638 donec
833 3597 889 3658 per
910 3583 1046 3650 mortem¹
1063 3568 1199 3636 omnino*
1215 3574 1288 3638 abc·

367 3655 497 3718 leantur.
540 3657 626 3719 Haec
647 3662 698 3740 qui
720 3680 783 3722 non
807 3661 938 3733 faciunt,
967 3659 1028 3720 illis
1050 3677 1113 3720 non
1135 3659 1261 3720 remitte
1283 3695 1293 3705 ·

368 3747 416 3799 tur
436 3748 573 3819 peccata.
594 3742 704 3823 Neque
730 3745 810 3804 enirn
833 3743 986 3824 baptismo
1010 3748 1040 3804 et
1056 3739 1185 3820 foederi,
1210 3741 1294 3822 quod

368 3840 436 3882 cum
458 3823 526 3883 Deo
547 3825 722 3904 iunxerunt,
746 3825 947 3906 satisfaciunt,
969 3825 1024 3888 sed
1046 3825 1204 3906 inceptum
1229 3832 1294 3886 turn

367 3905 435 3984 Dei,
457 3911 521 3966 tum
544 3907 688 3986 baptismi
709 3927 787 3989 opus
809 3916 1011 3971 remorantur.

451 3987 567 4064 Quarto
583 3987 714 4070 decimo,
737 4011 800 4054 non
823 4000 923 4054 autent
949 3988 1075 4052 multum
1098 3989 1147 4051 his
1169 3989 1294 4051 absimi-

368 4068 413 4129 les
434 4078 515 4151 snnt,
537 4072 589 4152 qui
610 4073 869 4138 satisfactionibus
892 4071 1022 4158 peccata
1050 4068 1155 4136 delere
1176 4092 1294 4134 conan-
