3075 4775
337 552 403 620 478
663 554 790 624 Emissis
809 555 866 608 tob
884 553 969 609 Decii.

418 740 566 802 Oommisi
594 757 654 820 ego
677 738 830 804 Fratribus
858 741 902 802 tui
924 738 1064 817 Ordinis,
1095 745 1129 800 ut
1150 747 1260 800 cuent

337 823 497 903 exemplar
506 823 730 903 Disputaticnis
751 823 893 902 exscribi,
915 831 947 884 et
967 822 1006 884 sd
1029 832 1060 884 te
1083 841 1177 902 quam
1198 824 1258 903 pri-

335 925 418 967 mum
448 909 665 968 transmittent.
710 905 863 980 Quocirca
892 925 1004 987 precor
1040 925 1096 986 per
1124 925 1195 966 eum
1210 904 1256 986 ο),

335 992 383 1050 cui
412 992 530 1068 servio,
563 997 595 1050 et
615 988 706 1050 fidam
722 987 776 1068 d),
814 1009 905 1070 quam
938 989 1053 1050 dudum
1082 989 1256 1068 suscepisti,

334 1075 468 1154 graviter
489 1064 646 1135 detbndas.
689 1073 760 1133 Non
785 1075 876 1152 voto,
898 1072 982 1152 quod
1004 1080 1034 1134 te
1057 1074 1202 1152 ingeras,
1225 1081 1259 1132 et

333 1167 365 1218 te
387 1157 529 1218 odiosum
551 1158 647 1216 iacias
675 1162 707 1215 et
727 1156 866 1217 ordinem
890 1163 992 1234 tuum,
1025 1155 1080 1216 sed
1110 1175 1159 1216 ms
1181 1174 1256 1216 cou-

333 1241 410 1300 siliis
441 1242 501 1300 tuis
529 1247 562 1300 et
582 1239 757 1300 eruditione
776 1240 906 1300 sdiutes.
949 1239 1028 1300 Nam
1051 1240 1151 1298 minus
1172 1238 1255 1298 festi-

332 1331 445 1384 narunt
466 1323 747 1404 Vuitenbergenses
776 1342 844 1383 cnm
866 1323 1099 1405 Disputatione,
1127 1323 1191 1382 imo
1219 1341 1256 1382 se

334 1409 575 1486 quaesierunte)
601 1408 798 1468 occasionem
821 1405 1006 1486 disputandi.
1048 1405 1127 1466 Nam
1145 1405 1255 1465 Latine

333 1510 384 1550 rus
407 1489 534 1552 nolebat
554 1509 677 1552 sumere
697 1489 829 1550 iudicem
852 1490 951 1569 primo
973 1490 1109 1568 aliquam
1126 1489 1254 1549 Univer-

335 1575 455 1634 sitatem
479 1577 573 1636 totius
602 1571 716 1633 mundi.
759 1573 822 1634 sed
844 1573 1120 1633 christianissimus
1149 1572 1256 1632 Domi-

333 1675 391 1717 nus
419 1657 572 1737 Georgius
602 1656 757 1716 Saxoniae
789 1655 893 1716 noluit
924 1655 1086 1716 admittere
1119 1655 1256 1734 aliquam

334 1739 583 1820 Disputationem
607 1738 744 1820 deiide,
778 1740 836 1800 nisi
859 1747 891 1800 et
912 1737 1024 1822 iideis)
1044 1745 1169 1799 nosbsc
1191 1739 1256 1798 bia-

333 1826 446 1904 gistros
469 1830 626 1904 pateretur
645 1823 791 1883 iudicare.
835 1822 968 1886 Coactus
998 1841 1073 1902 ergo
1102 1830 1176 1882 tune
1196 1822 1255 1881 fuit

333 1907 493 1986 botherus,
515 1927 535 1966 a
548 1907 717 1967 fautoribus
735 1908 798 1966 suis
811 1907 992 1985 stimuiatus,
1015 1907 1075 1966 nisi
1091 1907 1172 1965 enim
1195 1905 1255 1965 die:

333 1996 455 2070 putaret
475 1998 507 2050 et
526 1990 659 2050 iudicem
680 1990 759 2049 ferre
781 1995 901 2069 posset,
934 1991 996 2050 iarn
1020 2008 1128 2050 omnes
1151 1989 1190 2048 ab
1211 2007 1254 2048 eo

334 2081 439 2136 essent
460 2074 638 2150 discessuri,
672 2072 756 2132 unde
786 2092 856 2132 cum
881 2074 910 2132 ei
932 2091 1041 2133 omnes
1072 2072 1253 2133 obtulissem

334 2158 565 2236 Universitates,
588 2157 682 2237 elegit
703 2157 837 2217 Parisios
860 2163 892 2216 et
912 2155 1125 2236 Erphordiam.

417 2240 574 2318 Quares),
595 2259 665 2298 cum
679 2239 851 2300 Parisiense
866 2257 929 2300 non
943 2241 1094 2320 agnorim,
1117 2245 1255 2299 veebum

333 2330 436 2383 autem
459 2321 641 2403 studiumh)
668 2341 812 2403 magnam
835 2323 930 2383 habet
951 2341 1020 2382 cum
1043 2341 1080 2382 eo
1102 2321 1258 2384 familiari-

335 2414 439 2486 tatem,
461 2426 539 2488 rogo
562 2410 645 2467 tuam
666 2408 882 2487 paternitatem
904 2406 1077 2487 plurimum,
1098 2413 1132 2467 ut
1152 2405 1255 2482 fidei>

335 2491 446 2551 Christi
468 2493 543 2551 velit
564 2490 698 2551 scribere
719 2490 778 2552 sibi
799 2492 897 2567 notis,
920 2492 971 2550 vel
994 2492 1102 2569 etiam,
1124 2491 1149 2549 si
1172 2489 1256 2550 vide·

335 2575 431 2653 bitur,
465 2577 520 2636 tcti
543 2574 757 2651 Universitati,
794 2582 828 2634 ut
857 2573 929 2633 dum
951 2576 1085 2654 optimus
1108 2574 1257 2653 Princeps

334 2658 487 2738 Georgius
510 2660 675 2737 scripturus
708 2660 747 2717 sit
775 2666 806 2717 at
837 2659 983 2717 missurus
1006 2658 1255 2737 Disputationem

333 2762 371 2804 ac
394 2744 542 2822 petiturus
564 2741 717 2819 iudicium,
740 2739 870 2825 quodb)
894 2749 966 2800 tunc
989 2740 1063 2800 illud
1085 2760 1147 2800 non
1169 2759 1257 2801 recu-

335 2834 419 2904 sent,
453 2825 507 2886 sed
530 2828 777 2906 propugnatores
805 2824 924 2885 fortiter
952 2824 1146 2902 adoriantur,
1185 2842 1256 2883 cum

334 2930 393 2971 nos
414 2909 505 2971 ambo
540 2911 571 2969 in
605 2928 659 2969 eos
688 2916 834 2987 tanquam
856 2908 974 2968 iudices
996 2908 1256 2985 consenserimus,

335 3002 365 3054 et
400 3011 465 3053 rem
501 2992 631 3055 arbitror
663 3010 732 3051 esse
762 2996 824 3051 tam
859 2991 1067 3069 manifestam,
1105 2997 1138 3050 ut
1158 2990 1257 3070 longa

334 3077 526 3137 discussione
547 3095 609 3137 non
632 3082 731 3155 egeat.
763 3074 865 3149 Quare
887 3076 953 3135 sine
970 3094 1056 3135 mora
1077 3074 1117 3135 ad
1133 3074 1257 3155 petitio-

334 3180 405 3221 nem
434 3160 582 3241 Principis
616 3159 793 3218 discernant
820 3167 851 3218 et
873 3164 1021 3237 statuent,
1059 3157 1142 3237 quod
1182 3155 1255 3217 iidei

334 3252 460 3305 nostrae
482 3246 520 3303 sit
537 3249 794 3305 rconsentaneum.

417 3328 525 3387 Paucis
546 3328 658 3406 habes,
692 3325 869 3387 venerande
890 3326 994 3405 Pater,
1023 3342 1102 3405 quac
1130 3342 1149 3383 a
1171 3330 1202 3383 te
1222 3324 1256 3383 in

334 3430 428 3472 causa
448 3410 520 3472 fidei
543 3412 636 3475 velim
659 3409 740 3489 fleri,
773 3410 866 3490 idque
895 3412 1039 3490 scriptum
1068 3414 1145 3489 puta
1164 3407 1257 3468 Prae-

335 3498 452 3577 ceptori
486 3504 611 3576 nostro,
646 3496 780 3559 Domino
809 3492 948 3555 Aruoido
978 3494 1017 3555 de
1043 3492 1192 3571 Tungris,
1224 3500 1259 3553 et

344 3657 580 3666 —o———ae——m-
596 3659 600 3662 -

407 3742 437 3808 c)
457 3743 576 3796 Leonem
597 3744 621 3795 X
640 3744 796 3796 Romanum
814 3742 983 3796 Pontificem.
1058 3742 1088 3806 d)
1111 3744 1257 3796 Romanae

335 3815 417 3871 sedis.
490 3818 520 3880 e)
542 3816 576 3867 Se
597 3817 782 3883 quaesierunt,
802 3813 880 3883 lepos
901 3820 943 3867 est
961 3813 1075 3867 Atticus.
1150 3814 1175 3881 f)
1199 3816 1254 3867 Ma-

335 3890 413 3957 gistri
434 3886 495 3939 fidei
509 3886 657 3955 aliquando
671 3887 800 3939 dicuutur
812 3886 934 3955 Magistri
954 3889 1050 3939 nostri.
1099 3887 1132 3956 g)
1155 3885 1258 3955 Causa,

335 3965 549 4031 propterquam
570 3958 664 4014 Eccius
684 3960 756 4011 hanc
774 3958 928 4027 Epistoiam
948 3960 1096 4027 scripserit.
1152 3959 1186 4023 b)
1208 3960 1258 4011 Lo-

336 4035 475 4083 vaniense.
548 4029 573 4097 i)
596 4030 684 4095 Quam
705 4031 828 4084 defendit
845 4030 942 4083 Eccius
967 4046 1017 4099 pro
1038 4031 1165 4083 Romano
1187 4034 1258 4083 Pon-

336 4104 415 4157 tifice.
489 4102 524 4168 k)
544 4102 599 4155 Dat
616 4102 713 4155 Eccius
732 4108 927 4174 argumentum
940 4102 1087 4157 scribendi.
