3075 4775
503 557 646 626 pnnfls
662 545 771 614 mus
792 557 974 617 drumm.
1150 555 1213 622 463

368 743 432 805 Est
451 763 577 826 qnoque
585 745 726 807 Christus
747 747 866 827 gratiae
887 747 1004 827 imago·
1016 755 1124 808 eontra
1143 761 1213 828 psa·

291 832 380 905 eata,
402 845 483 906 quae
504 831 562 890 etsi
583 831 615 889 in
637 849 671 889 sa
692 832 877 910 recepisset,
900 836 1004 890 tamen
1026 829 1140 891 derisit
1159 851 1215 912 per

289 911 436 972 invictam
457 912 543 972 illem
564 912 783 992 obedientiam,
806 931 867 992 quo
888 933 922 973 ss
945 921 1042 974 totum
1063 915 1214 976 voluntati

291 993 390 1053 Petris
411 994 546 1057 tradidit.
902 1031 904 1035 v

374 1075 432 1138 Est
454 1097 579 1158 quoque
606 1080 750 1140 eoelestis
780 1079 835 1138 iila
860 1081 965 1160 imago
993 1086 1102 1140 eontra
1123 1081 1212 1142 inier-

161 1211 170 1228 ,
291 1176 382 1237 num,
409 1179 585 1241 quanquam
608 1164 690 1223 enim
712 1181 733 1222 a
753 1163 821 1222 Deo
844 1162 1008 1226 dereiiotns
1031 1173 1128 1241 esset,
1150 1181 1213 1224 non

291 1242 382 1304 stitsr
402 1251 496 1323 atque
515 1247 560 1324 is,
588 1247 642 1325 qui
662 1254 809 1306 aeternae
830 1245 1020 1308 damnationi
1043 1254 1091 1306 est
1112 1246 1216 1308 addis·

291 1332 356 1404 tus,
391 1334 494 1388 tamen
523 1329 675 1389 infernum
708 1330 782 1388 visit
812 1347 869 1390 suo
892 1348 998 1390 amore
1026 1331 1058 1389 in
1082 1329 1212 1409 Patrem,

291 1427 354 1488 qno
383 1412 488 1470 omnia
523 1418 635 1492 potest.
681 1413 737 1472 bist
763 1418 866 1472 autem
897 1411 929 1472 id
962 1415 1035 1473 satis
1069 1432 1211 1494 magnum

290 1501 515 1574 argumentum,
538 1495 621 1575 quod
644 1497 685 1556 sit
704 1513 823 1556 summe
845 1494 976 1556 dilectus
992 1495 1094 1556 Filius.
1116 1497 1212 1558 Porro

144 1572 145 1623 ἶ
250 1627 254 1632 .
292 1577 400 1637 omnia
419 1577 488 1656 illo,
523 1596 603 1658 quse
622 1579 685 1638 iam
707 1580 902 1656 enumeravi,
935 1586 1042 1641 nostra
1064 1587 1155 1657 sunt,
1186 1582 1213 1640 si

290 1659 463 1722 aredsmus.

375 1741 493 1817 Quarto
526 1743 666 1822 deoimo,
700 1744 795 1806 debet
828 1751 931 1805 autern
963 1745 1053 1806 nobis
1082 1763 1213 1826 magnae

292 1826 503 1888 sonsolationi
524 1847 604 1906 esse,
627 1829 710 1908 quod
731 1846 797 1890 non
819 1828 920 1888 solnm
943 1832 1084 1907 mortem,
1106 1846 1213 1909 peasa-

292 1915 356 1968 tum
387 1917 419 1971 et
448 1911 600 1972 infernum
623 1911 762 1972 Christus
784 1911 948 1991 devicerit,
978 1929 1016 1971 aa
1037 1911 1128 1973 nobis
1151 1929 1213 1972 ara-

291 1991 425 2054 dendom
446 1994 531 2054 illem
545 1996 706 2055 viatorism
716 1996 924 2076 proposuerit,
946 1994 1107 2056 sedetiam
1129 1995 1212 2074 quod

291 2093 348 2136 sus
364 2085 483 2157 sponte
511 2085 634 2158 praeter
653 2079 870 2139 necessitatem
904 2080 935 2138 in
958 2097 993 2138 se
1022 2081 1114 2139 otiam
1143 2079 1212 2139 iiius

290 2160 478 2220 tentationes
499 2163 667 2242 reoepsrit,
702 2172 736 2223 ut
754 2181 814 2222 nos
841 2179 898 2223 suo
926 2162 1071 2242 exempto
1102 2179 1213 2223 oonsu-
1249 2223 1257 2246 ,
1308 2174 1317 2182 ’

290 2241 405 2303 iareim
438 2261 477 2303 aa
508 2245 722 2321 confirmaret,
761 2265 833 2306 nam
864 2247 1066 2306 tentationem
1096 2247 1213 2323 mortis,

288 2325 365 2387 item
386 2329 506 2407 peoouti
526 2336 558 2389 et
578 2330 689 2392 interni
711 2332 779 2411 ipse
799 2345 933 2410 quoque
946 2347 1113 2413 perpessus
1135 2337 1191 2393 ast

374 2410 474 2472 Morte
496 2419 559 2471 tum
582 2413 774 2491 tentabatur,
813 2432 883 2473 anm
916 2413 1055 2474 diberent
1081 2414 1121 2474 ad
1141 2432 1213 2474 auur

289 2493 412 2554 ludaei:
445 2495 623 2555 Daseendet
652 2514 735 2555 nuno
761 2495 800 2556 de
822 2514 929 2575 ornae3
963 2497 1043 2556 alios
1070 2500 1213 2575 serravit,

289 2585 394 2637 servat
424 2597 507 2639 nuno
532 2596 567 2639 sa
587 2580 697 2659 ipsum.
744 2578 876 2638 Perinde
897 2584 989 2657 atqua
1012 2581 1038 2637 si
1061 2581 1106 2637 sio
1133 2579 1214 2639 dios-

289 2666 374 2721 rent:
401 2660 484 2721 ane
513 2663 576 2722 iam
598 2664 694 2723 sentis
716 2672 866 2739 mortem,
898 2678 978 2740 quae
1011 2662 1064 2722 tibi
1096 2662 1214 2723 nolenti

289 2743 407 2803 volenti
428 2752 477 2805 est
498 2745 673 2821 subeunda,
695 2764 798 2825 usqua
818 2746 935 2826 potoris
958 2744 1105 2825 effugare.
1147 2744 1228 2805 flio--

290 2834 324 2886 ut
354 2825 446 2889 Satan
475 2846 600 2907 quoque
626 2836 707 2907 mm,
741 2848 811 2889 aum
831 2829 972 2889 imminet
992 2846 1091 2899 mors,
1124 2827 1210 2889 iliam

291 2910 442 2971 moriendi
464 2914 681 2973 neoessitstom
714 2911 852 2974 horribili
883 2912 962 2972 faeie
997 2912 1100 2972 animo
1130 2912 1212 2973 solet

288 2992 435 3055 obiioere.

372 3077 506 3138 Peooato
527 3078 702 3140 tentabatur
723 3078 876 3156 Christus,
910 3096 978 3137 oum
1011 3076 1151 3138 dicerent
1170 3078 1210 3137 ad

288 3178 359 3219 eum
381 3160 503 3221 ludaei:
537 3161 626 3223 Alios
653 3164 806 3240 servavit,
835 3160 962 3222 sifilius
986 3160 1041 3221 Dei
1063 3169 1126 3239 est,
1158 3159 1209 3221 da-

287 3242 418 3305 ssendst
438 3246 499 3305 iam
522 3245 562 3306 de
582 3264 673 3306 oruoe
693 3253 751 3306 eta.
790 3244 922 3307 Perinde
943 3250 1036 3321 atque
1058 3245 1082 3303 si
1100 3244 1146 3304 sio
1165 3244 1210 3304 di-

287 3334 412 3388 osrent:
433 3328 584 3409 Imposuit
606 3328 696 3390 nobis
718 3331 782 3390 suis
805 3327 961 3409 operibus,
983 3326 1039 3387 fuit
1059 3328 1211 3407 impostor

287 3417 322 3470 et
340 3419 482 3491 nugator,
504 3418 552 3473 est
572 3411 652 3472 iilius
674 3413 817 3491 Satanae,
839 3430 902 3473 non
919 3410 987 3487 Dei,
1009 3418 1058 3471 ast
1076 3410 1210 3472 Satanae

288 3494 474 3575 mancipium
506 3503 568 3555 tam
606 3515 737 3576 oorpore
769 3514 861 3575 quam
894 3494 1010 3570 anima,
1054 3510 1208 3575 nunquam

287 3578 451 3720 pip'toqusm
499 3577 572 3642 boni
605 3579 696 3658 feeit,
735 3580 844 3639 merito
874 3579 967 3657 igitur
994 3578 1056 3637 iam
1098 3580 1208 3660 dignos

299 3680 318 3720 a
388 3680 494 3722 ossas.

366 3680 638 3819 {Quemadmodum
660 3752 764 3805 autem
786 3744 892 3806 iudaei
910 3743 1031 3807 Christo
1054 3755 1117 3805 tum
1137 3762 1209 3824 poa

287 3828 363 3906 sati,
391 3836 455 3888 tum
479 3829 603 3904 mortis,
632 3834 695 3888 tum
725 3827 818 3887 etiam
845 3827 954 3887 inferni
983 3828 1112 3905 faeiem,
1145 3846 1207 3889 non

287 3917 374 3973 serto
395 3911 517 3989 ordine,
541 3909 597 3971 sed
618 3911 746 3972 oontrse
767 3910 969 3990 obiioiebant,
991 3913 1036 3972 sio
1057 3928 1114 3971 nos
1135 3930 1208 3989 quo-

287 4012 349 4075 que
374 4014 438 4056 sno
465 3996 583 4075 impetu
604 3994 746 4057 omnibus
771 3992 833 4055 iilis
855 4013 1083 4076 oppugnamur,
1115 4001 1147 4054 ut
1168 4014 1206 4057 eo

287 4078 377 4140 sitias
409 4078 576 4159 desperent
605 4078 711 4139 animi.
752 4076 803 4174 Ad
830 4098 901 4143 sem
926 4096 1054 4161 quoque
1081 4077 1206 4139 modam
