3075 4775
350 543 414 612 468
624 545 670 601 Vt.
690 545 796 601 &ocio
816 545 962 614 Quomodo
981 546 1018 600 sit

354 731 401 792 dis
425 729 578 793 desiderio
612 751 650 792 ea
679 750 804 812 quoque
830 732 979 811 consequi
1000 736 1139 812 possunt.
1183 727 1271 804 Quod

353 817 378 876 si
400 816 431 874 iu
454 833 493 876 ea
513 814 575 875 fida
596 817 771 896 persistant,
794 821 953 877 servantur
974 821 1006 876 et
1026 814 1095 894 ipsi.

435 897 703 973 Quemadmodum
743 907 846 960 autem
880 905 973 960 antea
1006 897 1045 958 de
1081 895 1274 958 absolutione
1326 931 1330 938 ·

353 979 501 1059 diximus,
530 984 576 1044 ito
602 982 640 1043 de
664 989 858 1043 sacramento
880 981 984 1042 aitaris
1007 977 1129 1061 quoque
1152 978 1206 1040 tibi
1230 985 1275 1038 est

354 1063 527 1128 dicendum.
571 1065 664 1126 Dedit
697 1065 772 1125 mihi
802 1065 947 1126 sacerdos
970 1083 1081 1144 corpus
1104 1071 1134 1123 et
1156 1063 1275 1142 sangui-

352 1167 424 1208 nem
452 1150 520 1208 iesu
542 1148 669 1226 Christi,
704 1148 787 1227 quod
817 1151 937 1229 signum
966 1154 999 1210 et
1028 1147 1192 1228 promissio
1221 1151 1275 1224 est,

353 1251 403 1292 me
423 1233 454 1290 in
478 1234 668 1292 consortium
690 1232 803 1294 Christi
831 1241 862 1294 ct
883 1233 1019 1292 omniurn
1041 1229 1223 1310 angelorum
1247 1235 1276 1287 et

353 1313 535 1376 Sanctorum
556 1323 817 1397 receptumlesse,
840 1322 872 1375 ut
893 1315 936 1376 illi
959 1334 1008 1374 me
1020 1315 1191 1391 redamant,
1217 1313 1276 1372 mei

352 1406 447 1478 agant
474 1417 596 1477 curam,
631 1405 721 1460 orent
747 1418 803 1478 pro
833 1417 899 1477 me,
934 1417 1018 1458 meas
1040 1396 1226 1458 afflictiones
1246 1397 1275 1454 in

353 1501 387 1541 se
408 1483 577 1562 recipiant,
600 1482 783 1544 confirment
804 1501 872 1562 me,
899 1489 1029 1562 peccata
1051 1499 1122 1541 mea
1142 1485 1278 1560 portent,
1385 1559 1386 1562 Ἴ

353 1571 385 1625 et
404 1566 555 1626 infernum
578 1586 640 1627 nna
661 1575 816 1646 superent.

435 1648 506 1709 Non
528 1657 629 1710 autem
652 1654 701 1709 est
721 1647 862 1725 dubium,
895 1650 970 1727 quin
999 1647 1077 1708 haee
1105 1647 1213 1708 omnia
1236 1647 1279 1705 sic

353 1732 414 1791 sint
442 1741 599 1793 eventura.
642 1732 767 1813 Signum
799 1733 879 1792 enim
910 1751 929 1791 a
959 1732 1027 1791 Deo
1064 1730 1167 1790 datum
1203 1749 1279 1789 nun-

352 1834 444 1894 quam
473 1835 522 1876 me
550 1816 652 1894 fallet,
685 1834 787 1894 neque
818 1816 979 1894 quisquam
1009 1816 1083 1892 erit,
1116 1815 1167 1892 qui
1202 1812 1279 1872 mihi

351 1898 428 1959 iilud
449 1900 567 1978 eripiat.
610 1899 652 1960 Et
673 1899 777 1960 malim
806 1917 867 1978 ego
894 1904 1000 1974 stota
1033 1896 1148 1958 mundo
1179 1895 1278 1956 dosci-

351 2000 449 2060 scere,
470 1989 502 2042 et
523 2002 543 2042 a
562 1984 701 2063 meipso
726 2001 859 2062 quoque,
881 1995 972 2060 quarn
996 1979 1135 2041 dubitare
1158 1977 1198 2040 de
1221 1979 1280 2040 hac

352 2066 568 2145 promissione.
611 2065 683 2126 Scio
708 2064 807 2126 Deum
842 2083 942 2125 meum
975 2083 1117 2124 veracem
1148 2081 1185 2122 ac
1216 2081 1280 2122 oer-

353 2160 416 2209 tum
440 2167 525 2224 esse,
558 2149 624 2208 scio
654 2148 736 2228 quod
766 2148 921 2209 neminem
951 2166 1007 2207 sno
1036 2149 1125 2226 siguo
1155 2153 1187 2206 et
1210 2164 1280 2225 pro-

355 2232 502 2291 missione
523 2249 580 2290 sua
602 2231 698 2309 fallat„
722 2233 787 2292 sive
810 2231 921 2312 dignus
945 2231 1014 2309 sim,
1037 2232 1101 2290 sive
1123 2228 1280 2308 indignus,

352 2313 413 2374 hoo
434 2316 518 2391 scio,
547 2333 618 2374 esse
647 2334 696 2374 me
724 2321 852 2376 sanctae
876 2314 986 2378 Christi
1009 2314 1161 2377 ecclesiae
1184 2331 1279 2372 mem-

353 2397 450 2476 brum,
479 2399 564 2458 cuius
586 2400 630 2459 rei
661 2400 783 2479 signum
812 2405 1037 2459 sacramentum
1071 2398 1132 2459 hoc
1164 2396 1280 2458 haheo.

351 2480 459 2561 Longe
482 2483 650 2543 consultius
682 2490 731 2543 est
753 2502 803 2542 me
825 2483 983 2563 indignum
1007 2502 1090 2558 esse,
1124 2479 1280 2560 quamde

351 2566 410 2627 Dei
436 2564 675 2643 adeuntium,
708 2586 809 2646 apage
832 2568 873 2627 sis
897 2567 1001 2644 Satan,
1024 2584 1092 2625 oum
1122 2564 1279 2625 diversum

351 2668 387 2709 su
431 2667 501 2709 ans.
1074 2691 1076 2704 ,

388 2668 499 2792 ggIam
520 2731 581 2792 hoc
604 2730 684 2810 vide,
707 2732 821 2793 multos
844 2734 959 2812 passim
981 2733 1130 2811 reperies,
1154 2731 1205 2809 qui
1230 2750 1280 2790 cu-

352 2816 439 2895 piunt
460 2816 535 2876 certi
559 2834 629 2875 esse
650 2815 690 2875 de
711 2835 767 2875 sua
788 2816 906 2895 salute⁷
939 2817 990 2896 qui
1012 2822 1128 2876 certum
1150 2813 1280 2892 aliquod

353 2897 392 2958 de
417 2899 507 2959 coelo
529 2899 650 2979 signum
674 2905 834 2979 exoptant,
858 2918 918 2978 quo
943 2900 1018 2960 certi
1040 2898 1116 2962 fiant
1137 2896 1176 2957 de
1189 2915 1279 2976 prae·

352 2980 567 3044 destinatione.
611 2982 641 3045 Si
669 2983 764 3062 igitur
796 2982 920 3043 daretur
948 2984 991 3041 eis
1023 2984 1144 3062 signnm
1169 2979 1279 3041 divini-

352 3070 416 3143 tus,
445 3065 518 3144 quid
552 3084 669 3145 quaeso
709 3065 874 3145 prodesset
893 3065 926 3126 id
948 3067 1008 3143 eis,
1037 3068 1061 3125 si
1085 3084 1147 3126 non
1171 3063 1277 3124 crede-

351 3148 441 3209 rent?
484 3148 580 3229 Signa
618 3150 684 3209 sine
714 3147 776 3209 fide
809 3149 884 3209 nihil
914 3155 1051 3230 prosunt.
1095 3149 1150 3208 Etx
1169 3146 1278 3209 Iudaei

351 3232 447 3311 signis
478 3231 591 3292 Christi
621 3239 653 3291 et
681 3232 896 3312 apostolorum
926 3252 1051 3311 prorsus
1085 3231 1162 3291 nihil
1192 3231 1278 3291 iuva·

352 3314 480 3392 bantur,
514 3317 585 3395 quia
613 3322 700 3375 erant
727 3315 885 3377 increduli.
929 3315 979 3377 Sic
1010 3317 1061 3395 qui
1090 3313 1184 3375 hodie
1208 3314 1277 3375 sine

351 3396 413 3457 fide
434 3401 634 3458 sacramentis
656 3406 800 3477 utuntur,
824 3401 874 3479 qui
897 3400 961 3462 sine
984 3398 1044 3459 tide
1067 3398 1195 3461 verbum
1217 3396 1276 3456 Dei

351 3480 491 3561 audiunt,
519 3501 645 3562 prorsus
672 3482 788 3543 nulium
815 3483 888 3543 inde
909 3482 1041 3543 fructum
1063 3482 1198 3561 capiunt.
1244 3480 1277 3541 si

351 3564 443 3644 igitur
463 3567 552 3645 signo
574 3566 679 3645 aliquo
702 3564 877 3629 confirmari
899 3568 1000 3645 cupis,
1023 3585 1117 3645 quare
1140 3582 1202 3624 non
1225 3582 1276 3623 sa-

352 3650 515 3709 cramentis
552 3649 667 3710 uteris?
700 3669 780 3728 quae
821 3650 957 3710 omniurn
996 3655 1068 3709 sunt
1105 3648 1277 3710 certissima

351 3732 454 3813 signa,
477 3751 557 3810 quae
579 3732 710 3804 suntab
732 3735 802 3812 ipso
826 3732 948 3793 Christo
970 3733 1125 3810 instituta,
1148 3730 1186 3793 ab
1209 3748 1275 3790 orn-

350 3816 447 3886 nibus,
462 3814 583 3878 Sanctis
604 3815 735 3894 probata
757 3824 789 3878 et
811 3816 952 3897 cognita,
991 3818 1073 3895 quod
1107 3821 1193 3877 certa
1214 3814 1277 3873 sint

351 3917 452 3978 neque
473 3899 583 3959 fallant
603 3899 774 3976 credentes,
796 3899 851 3960 sed
874 3900 957 3978 quod
980 3900 1084 3959 omnia
1105 3898 1177 3977 illa,
1200 3914 1275 3976 quo-

351 4001 417 4040 rum
438 3983 527 4062 signa
549 3989 629 4060 sunt,
651 3989 734 4044 certo
757 3984 926 4047 conferant.

432 4065 466 4125 ln
499 4065 581 4128 huno
607 4065 733 4127 modum
761 4065 942 4129 discendum
964 4072 1027 4146 est,
1064 4070 1097 4125 et
1118 4062 1190 4143 quid
1211 4064 1275 4123 sint
