3075 4775
351 543 415 611 372
594 546 688 600 Resol.
707 546 736 600 L.
755 562 841 615 snper
858 548 1053 616 Propositione

436 732 565 812 Propter
597 730 681 811 quod
713 726 889 813 diligente?
904 732 943 793 de
976 732 1081 794 divina
1109 732 1276 793 traditione

354 823 385 875 et
406 816 580 895 apostolica
601 815 818 877 observatione
837 816 1020 877 servandum
1044 823 1093 877 ost
1114 825 1144 877 et
1167 823 1274 877 teneu-

354 899 443 977 dnm,
474 898 557 978 quod
586 898 668 978 apud
690 917 748 958 nos
771 918 894 978 quoqne
916 899 1031 960 otiare
1053 898 1271 979 provinciasll

325 977 328 988 '
353 982 511 1045 universas
536 990 666 1059 tenetur,
689 990 722 1042 ut
744 981 783 1042 ad
806 982 1016 1043 ordinationes
1037 985 1094 1043 rite
1117 983 1274 1043 celebran-

353 1064 424 1144 das,
455 1065 496 1126 ad
524 1085 592 1125 eam
622 1065 766 1146 plebem,
805 1067 854 1125 oui
881 1067 1075 1145 praepositus
1105 1065 1273 1144 ordinetur,

353 1149 490 1229 episcopi
513 1147 650 1209 eiusdem
672 1149 852 1228 provinciae
873 1150 1036 1229 propinqui
1066 1150 1179 1229 quique
1201 1168 1274 1209 con-

352 1232 491 1308 veniant,
525 1240 557 1291 et
587 1232 752 1311 episcopus
787 1232 938 1312 deligatur
970 1232 1062 1312 plebe
1098 1240 1274 1313 praesente

353 1334 431 1395 quse
452 1315 642 1395 singulorum
665 1316 758 1374 vitam
783 1315 961 1407 plenissime
988 1318 1084 1378 novit.
1128 1315 1221 1390 Quod
1243 1322 1275 1376 et

352 1397 433 1479 apud
457 1417 512 1458 vos
534 1399 647 1459 lactum
670 1396 839 1458 videmns'
831 1418 862 1458 ιιι
885 1394 990 1459 S'abini
1013 1400 1108 1459 nostri
1131 1398 1274 1479 collegae

286 1518 292 1525 -
353 1481 564 1577 ordinatione,
592 1489 626 1541 ut
655 1481 693 1541 de
722 1482 884 1542 universae
906 1472 1103 1543 fraternitatis
1126 1481 1273 1563 suffragio

353 1572 384 1625 et
410 1563 449 1624 de
477 1565 711 1644 episcoporum,
747 1566 799 1644 qui
831 1566 862 1623 in
891 1567 1096 1644 praesentiam
1119 1584 1274 1628 convene·

353 1655 436 1724 rant,
472 1648 523 1726 qui
556 1646 594 1707 de
622 1666 661 1708 eo
690 1648 729 1707 ad
759 1667 816 1708 vos
839 1648 942 1709 literas
965 1648 1122 1727 fecerant,
1157 1648 1273 1709 iudicio

353 1732 550 1810 episcopatus
579 1732 608 1790 ei
634 1730 819 1810 deferretur,
851 1738 885 1792 ct
912 1750 1020 1793 manns
1049 1734 1077 1792 ei
1109 1733 1138 1791 ιιι
1168 1732 1272 1793 locum

352 1812 494 1874 Basilidis
514 1815 731 1894 imponeretur.

434 1897 525 1958 Hunc
557 1898 647 1958 ritum
675 1896 746 1974 ιιι)
783 1917 837 1977 per
872 1896 981 1957 multas
1010 1897 1089 1957 alias
1120 1898 1272 1979 epistolas

353 1980 432 2040 idem
465 1980 637 2061 Cyprianus
672 1988 911 2058 commemorat,
944 2000 1067 2061 semper
1094 1981 1271 2061 suffragium

353 2063 459 2143 populi
488 2073 519 2123 et
545 2064 690 2123 indicium
722 2065 961 2143 propinquorum
991 2066 1209 2145 episcoporum
1230 2067 1274 2125 ita

352 2146 508 2226 allegans,
540 2155 572 2209 ut
594 2146 675 2207 hano
702 2166 741 2206 ex
769 2148 837 2209 Deo
860 2147 1084 2208 ordinationem
1110 2168 1179 2209 esse
1203 2167 1271 2207 cnm

352 2226 466 2288 fiducia
488 2232 680 2309 pronunciet.
1230 2259 1233 2265 ι

436 2310 495 2385 Qui
517 2314 602 2390 ritus,
626 2313 697 2394 quid
721 2315 761 2373 sit
783 2313 821 2373 ad
846 2330 925 2391 eum,
949 2314 1000 2393 qui
1023 2314 1117 2376 hodie
1138 2334 1179 2375 ex
1191 2314 1273 2376 Urbe

352 2396 482 2476 petitur,
516 2398 547 2456 in
579 2415 640 2475 quo
668 2417 730 2458 ιιοιι
759 2398 853 2457 modo
886 2399 1029 2458 exclusus
1060 2407 1107 2459 est
1128 2399 1273 2478 populns,

353 2478 407 2538 sad
430 2479 694 2541 necsacerdotum
720 2480 831 2540 electio
853 2483 927 2540 satis
951 2488 1007 2559 est,
1029 2481 1097 2542 aliis
1119 2482 1275 2561 relinquo.

352 2561 418 2622 Nec
445 2563 559 2623 referre
591 2571 638 2624 est
659 2583 804 2643 necesse,
839 2570 953 2642 quanto
982 2565 1100 2624 felicius
1131 2565 1226 2625 hodie
1247 2568 1273 2625 is

350 2646 425 2706 ritus
447 2645 568 2707 divinus
588 2655 772 2726 servaretur,
794 2649 972 2743 praesertim
995 2655 1043 2708 tot
995 2648 1273 2710 tsacerdotibus

353 2729 440 2789 malis
461 2731 671 2810 regnantibus,
694 2737 724 2791 et
744 2731 841 2791 invito
865 2731 981 2828 populo
1003 2733 1165 2812 impositis.
1193 2731 1272 2792 Nam

353 2811 491 2873 videmus
532 2833 587 2894 per
614 2814 786 2874 Romanam
816 2815 946 2889 curiam,
982 2833 1037 2894 per
1064 2817 1179 2896 gratias
1202 2835 1273 2876 snas

353 2897 594 2976 exspectativas,
618 2899 732 2977 passim
755 2897 787 2956 in
810 2897 958 2958 mnndum
979 2899 1070 2959 etiam
1092 2897 1204 2958 intrudi
1227 2919 1274 2959 sn

353 2978 503 3040 cerdotea
539 2979 710 3040 Transesnt
742 2979 830 3040 haec.
852 2980 920 3040 Hoc
941 2999 1062 3060 queror,
1085 2981 1169 3061 quod
1191 2981 1274 3042 hunc

352 3063 443 3123 ritum
477 3064 715 3123 sacratissimum
750 3071 782 3123 et
814 3069 984 3144 vetustum,
1018 3066 1136 3145 iurique
1164 3065 1273 3126 divino

353 3165 407 3227 per
429 3147 533 3206 omnis
550 3146 750 3225 conformem,
772 3147 804 3206 hi
826 3150 922 3207 nostri
935 3147 1121 3208 haereticum
1144 3156 1177 3210 et
1190 3149 1274 3210 dam·

353 3237 455 3289 natum
478 3229 583 3291 haberi
607 3229 723 3309 volunt,
745 3249 820 3311 pree
840 3231 898 3290 ritu
920 3251 977 3291 suo
998 3233 1180 3312 recentiore,
1204 3251 1273 3292 oum

353 3320 468 3372 certum
491 3313 632 3374 omnibus
655 3313 758 3391 aits
782 3313 962 3395 Nicolaum,
986 3315 1015 3376 S
1040 3315 1273 3412 ιιιιιιιιιιιι,8.

353 3396 572 3476 Augustinum,
602 3397 632 3456 8.
655 3396 850 3457 Ambrosium
860 3417 1063 3478 ,omnesque
1084 3401 1203 3478 priscos
1218 3399 1273 3460 Pa·

352 3485 414 3538 tres
448 3499 486 3539 eo
524 3480 616 3541 niodo
643 3480 738 3540 fuisso
766 3481 934 3542 ordinatos.
988 3482 1035 3543 Sit
1061 3482 1165 3561 itaque
1197 3484 1273 3544 ritus

352 3561 529 3640 hodiernus,
552 3562 654 3660 qualis
675 3560 745 3624 ess'e
767 3571 822 3644 pot
810 3570 879 3642 test,
902 3564 994 3625 modo
1006 3565 1179 3626 Romanum
1198 3586 1274 3646 pon-

352 3644 464 3705 tificem
486 3664 549 3706 non
577 3648 643 3706 iure
663 3647 768 3707 divino
799 3647 831 3707 id
852 3663 946 3728 posse
970 3655 1127 3745 putemus,
1165 3669 1206 3710 ne
1228 3657 1275 3710 tot

352 3729 524 3788 seculorum
547 3729 680 3790 Sanctos
707 3739 738 3790 et
759 3731 908 3810 Martyres
931 3734 1073 3793 contra
1066 3752 1112 3792 rus
1134 3731 1272 3794 divinum

352 3813 455 3892 egisse
477 3811 666 3874 damnemus.

426 4003 455 4066 l)
476 4003 506 4052 ln
530 4000 572 4054 ed
591 4000 653 4056 Jen
675 4007 702 4055 et
721 4001 810 4056 wotz
841 4019 890 4070 per
916 4005 1084 4071 provincias.
1120 4005 1150 4067 2)
1170 4003 1200 4056 ln
1230 4005 1273 4058 ed.

351 4074 444 4140 priore
462 4072 552 4133 deest:
564 4078 600 4128 et
830 4105 833 4121 .
