3075 4775
490 619 493 626 Δ
555 554 573 591 a
588 538 713 594 ilctnriis
727 548 851 610 excepta
1107 542 1167 611 181

254 725 449 809 indulgentiis
469 733 630 807 peccatum
652 747 715 789 non
737 735 843 789 manet
863 730 1054 810 impunitum,
1078 732 1168 795 salvo

250 830 307 888 eo,
337 811 420 889 quod
443 811 536 872 etiam
558 810 598 871 de
617 812 742 893 proprio
764 812 942 875 satisfacere
963 833 1025 876 non
1054 822 1170 896 posset,

253 913 311 955 non
333 893 553 955 accedentibus
575 893 687 955 Christi
708 896 832 956 meritis.
1241 896 1244 909 '

329 978 377 1038 De
408 996 564 1039 consensu
589 976 740 1057 fidelium,
780 978 875 1040 credo
910 980 1064 1042 neminem
1099 1001 1169 1045 essa

253 1068 311 1121 tam
335 1061 485 1136 stultum,
519 1061 570 1139 qni
593 1060 699 1122 credet
718 1080 783 1121 rem
807 1081 877 1123 esse
899 1065 1103 1125 necessariam
1125 1066 1168 1127 in·

252 1144 423 1226 dulgentias
444 1144 475 1203 in
498 1142 641 1223 iubileeo,
663 1151 696 1205 et
709 1146 735 1204 si
747 1146 904 1207 existimet
923 1146 980 1206 iter
993 1147 1167 1209 Romanum

252 1247 319 1289 esse
341 1229 542 1304 meritorium,
563 1246 622 1289 nec
642 1227 692 1288 hio
713 1235 803 1306 errat,
825 1234 886 1291 stat
907 1231 988 1289 eninr
1004 1249 1092 1309 opus,
1114 1228 1170 1312 p¹er

252 1311 331 1390 quod
355 1312 424 1390 quis
445 1312 639 1391 consequitur
662 1309 868 1391 indulgentias
890 1331 960 1373 esse
971 1314 1169 1391 meritorium,

252 1392 406 1456 ettamen
428 1395 513 1473 ipsas
535 1394 740 1474 indulgentias
763 1414 826 1457 non
849 1415 918 1456 esse
941 1396 1121 1457 meritorias.
1163 1410 1165 1415 ’

328 1477 438 1554 Porro,
460 1476 500 1537 de
522 1476 623 1539 verbis
645 1476 784 1539 Sixtinae
807 1484 839 1539 et
859 1478 999 1541 moderni
1012 1478 1169 1541 Pontificio

249 1580 307 1623 non
330 1561 497 1637 usinum,
519 1561 592 1640 quia
611 1559 791 1621 cathedram
803 1561 883 1623 Petri
905 1580 1029 1642 sequor,
1051 1568 1082 1623 et
1103 1563 1169 1632 eius

249 1645 450 1721 sententiam,
479 1644 581 1723 quiin
603 1662 643 1704 ea
662 1642 768 1721 sedet,
799 1645 943 1724 quamdiu
964 1647 996 1705 iu
1017 1644 1169 1721 haeresin,

249 1727 327 1806 quod
357 1727 459 1796 absit,
494 1726 656 1808 prolapsus
683 1746 746 1790 non
769 1728 868 1789 fuerit
911 1728 983 1790 Scio
1013 1748 1082 1789 eum
1105 1748 1169 1791 non

249 1811 390 1889 probare,
412 1809 468 1870 sed
490 1808 627 1886 delinire,
650 1829 741 1889 quem
763 1818 798 1871 ut
819 1812 930 1903 Olpristi
950 1811 1094 1875 vicarium
1118 1812 1169 1873 de·

247 1893 384 1955 liniendo
405 1892 536 1954 arbitror
557 1911 626 1954 esee
646 1893 862 1955 indefectibilis
885 1894 968 1956 fidei:
1009 1893 1068 1955 Sed
1092 1895 1170 1955 haec

248 1978 350 2037 omniu
388 1996 496 2037 eorum
523 1978 683 2037 committo
711 1976 846 2053 iudicio,
880 1996 1009 2057 quorum
1042 1979 1171 2041 interest

248 2067 370 2140 paratura
392 2065 495 2121 errata
517 2078 703 2141 expungere,
724 2061 750 2121 si
773 2079 853 2140 quae
875 2059 1085 2123 ostendentur.

412 2194 511 2255 Jussit
532 2194 681 2290 Lutherus
702 2194 837 2257 addere:
869 2192 909 2256 lit
931 2215 1001 2279 ego.

248 2411 431 2481 duodecime
451 2410 526 2471 tulii
558 2415 791 2490 argumentatur
819 2415 867 2473 est
887 2413 1013 2487 Eccita,
1046 2431 1170 2495 respon·
1245 2423 1247 2431 ⁴

578 2494 671 2555 deute
689 2493 839 2567 Lutlreru,

538 2656 591 2720 De
612 2657 881 2722 Paenitentia
923 2631 927 2646 Ι

467 2807 502 2870 ln
524 2795 724 2873 nominetuo
746 2811 845 2877 duleis
866 2812 951 2922 lesu..

326 2961 452 3022 Contra
480 2960 710 3024 conclusionem
743 2963 904 3024 reverendi
926 2963 1023 3024 Patris
1050 2973 1081 3022 et
1104 2984 1170 3042 per·

247 3055 303 3106 tem
328 3043 492 3106 Sermonis
524 3044 571 3104 sui
603 3043 641 3105 de
679 3047 872 3126 poenitentia
905 3066 961 3126 pro
990 3046 1170 3108 defensione

247 3131 435 3209 optimorum
457 3126 579 3187 Petrum
602 3129 843 3209 praedicentium
877 3129 1006 3190 intendo
1028 3128 1174 3209 probare:¹

248 3209 475 3272 Poenitentiom
498 3229 601 3270 veram
624 3212 762 3294 incipere
800 3215 952 3275 admore
983 3213 1075 3272 etiam
1097 3233 1170 3292 poe·

247 3313 313 3372 nee,
337 3299 370 3356 et
392 3291 481 3377 quod,
499 3291 579 3355 bene
601 3295 668 3373 quis
689 3315 724 3356 se
746 3304 909 3377 praeparet
922 3295 950 3372 ι)
965 3295 1170 3375 discutiendo,

247 3397 317 3439 reco
342 3375 450 3437 ‘tando
472 3382 532 3438 etc.

353 3460 454 3535 rimo,
488 3459 560 3537 quia
581 3458 673 3520 telem
696 3462 820 3523 modum
846 3460 1043 3543 praedicandi
1067 3461 1170 3524 obser·

248 3545 331 3604 vavit
351 3540 505 3603 Dominus
526 3538 627 3616 lesus,
649 3551 680 3604 et
702 3545 767 3606 eius
789 3564 971 3626 praecursor
1004 3545 1033 3608 S.
1056 3545 1170 3608 dohan-

248 3645 311 3687 nes.
334 3623 409 3686 Luc.
431 3625 512 3684 enim
529 3627 575 3690 15.
599 3624 679 3686 lilius
700 3627 847 3710 prodigus
869 3629 949 3710 gerit
972 3635 1076 3710 typum
1099 3648 1171 3709 poe-

248 3709 373 3769 nitentis
402 3706 570 3768 secuudum
592 3706 797 3790 Augustinnm
835 3711 873 3772 de
908 3717 1025 3792 quaest.
1047 3731 1169 3792 evang.,

248 3790 447 3854 Ambrosium
469 3789 548 3852 libro
571 3793 601 3854 2.
621 3791 662 3854 de
683 3796 852 3873 poenitent.
875 3814 942 3877 cap.
966 3796 1014 3872 3.,
1036 3792 1168 3874 Chryso-

301 4074 331 4139 l)
352 4070 382 4126 lu
402 4069 521 4130 eddam
546 4077 579 4133 at,
596 4070 670 4143 apud
688 4069 819 4131 coecus
840 4075 1022 4140 praepararet.
