3075 4775
322 558 374 625 10,
468 561 590 616 tustra
607 561 637 615 F.
656 561 758 616 Luthsr
777 565 806 616 st
823 562 859 616 D.
877 561 1063 616 Budensteiu·

937 694 941 716 i

322 767 381 811 nu
401 755 433 811 et
453 751 575 830 culpas,
601 751 646 810 ita
666 749 749 830 quod
771 748 926 829 praelatus
948 768 1012 810 uon
1032 747 1170 829 plenarie
1190 747 1243 809 ab·

322 833 447 893 solvens
469 853 487 894 a
509 853 611 914 poena
634 840 664 894 et
684 832 773 913 culpa
788 837 905 912 peooet,
929 831 1013 894 velut
1028 833 1096 893 usui
1116 839 1243 892 sanctae

323 917 427 976 matris
450 915 600 977 ecclesiae
621 917 794 994 adversum,
817 935 880 976 non
902 923 1108 995 acceptamus.

384 999 421 1073 6)
447 999 574 1060 Animas
604 1000 635 1059 in
666 999 846 1080 purgatorio
877 1017 942 1058 nou
971 997 1151 1059 satisfacere
1184 1008 1242 1077 pro

322 1090 521 1162 peccatorum
544 1083 671 1162 poenis,
694 1101 713 1142 a
735 1101 864 1164 quorum
888 1081 986 1162 culpis
1009 1080 1178 1142 absolutae·
1193 1080 1244 1140 hie

266 1189 270 1202 ·
323 1184 385 1226 non
408 1166 634 1244 satisfecerunt,
662 1171 838 1247 reputamus
868 1183 1049 1237 erroneum,
1080 1165 1158 1223 sicut
1178 1181 1243 1222 non

324 1255 371 1309 est
392 1250 458 1310 sine
480 1268 601 1325 errore,
635 1251 685 1328 qui
715 1267 779 1308 non
808 1246 905 1308 credit
924 1247 1023 1308 Deum
1053 1247 1248 1325 arnorituro,

322 1331 478 1412 requirere
500 1332 602 1408 aliam,
626 1349 717 1410 quam
741 1331 850 1392 mortis
872 1349 1016 1410 poenam.

384 1419 421 1487 7)
446 1414 550 1492 Errat,
584 1415 636 1496 qui
659 1414 786 1474 liberum
809 1413 966 1474 arbitrium
987 1413 1120 1472 hominia
1149 1419 1244 1491 negat

324 1497 482 1558 dominum
506 1501 630 1558 actuum
658 1497 792 1557 hominis
821 1515 940 1573 exeo,
973 1497 1045 1576 quia
1069 1496 1168 1577 ipsum
1190 1493 1243 1553 ha

323 1581 397 1641 beat
418 1599 451 1639 se
474 1581 574 1640 active
597 1577 636 1640 ad
659 1579 792 1656 maium,
822 1578 863 1639 ad
884 1579 998 1640 bonurn
1026 1595 1101 1639 vero
1124 1584 1242 1637 tanturn

317 1665 461 1746 passive,
489 1663 567 1722 siout
589 1671 722 1745 nonest
744 1663 811 1723 sine
834 1681 957 1738 errore,
979 1663 1030 1741 qui
1053 1659 1144 1721 fldem
1170 1679 1243 1742 quo-

322 1745 398 1807 libet
427 1745 554 1806 erimine
584 1746 738 1827 corrumpi
767 1751 876 1806 contra
897 1745 1107 1823 scholasticos
1142 1743 1243 1803 existi-

324 1835 396 1904 mat,
418 1846 477 1888 neo
498 1830 565 1889 sine
586 1830 721 1903 maximo
744 1847 858 1905 errore,
881 1830 931 1908 qui
946 1828 1031 1889 nulla
1051 1827 1244 1887 contritionis

323 1911 428 1972 habita
451 1913 622 1972 rationein
645 1911 713 1973 sola
734 1910 796 1973 fide
818 1931 907 1991 quem
931 1910 1050 1972 absolvi
1072 1909 1245 1991 procaciter

325 1993 492 2076 praedicat.
587 1997 590 2008 ¹

384 2079 421 2152 8)
446 2076 493 2136 Ex
515 2075 747 2158 imperfectione
770 2074 905 2138 caritatis
927 2076 978 2136 vei
998 2074 1071 2135 fidei
1091 2075 1124 2134 in
1139 2074 1244 2155 anima

323 2161 435 2220 mortui
457 2157 522 2221 tieri
543 2161 702 2222 horrorem
726 2167 757 2221 et
780 2161 866 2239 quasi
890 2159 1156 2241 desperationem,
1179 2155 1246 2237 qui-

322 2243 379 2304 bus
401 2245 432 2302 in
456 2244 633 2326 purgatorio
657 2243 842 2321 afficiantur,
874 2250 905 2303 et
926 2241 1008 2324 quod
1029 2241 1114 2333 iilurp
1137 2240 1244 2301 horro·
1272 2249 1279 2256 ‘

322 2345 387 2387 rern
412 2345 452 2388 ex
474 2326 583 2389 timore
605 2327 711 2387 mortis
733 2327 905 2404 incurrant,
939 2343 999 2406 quo
1036 2325 1122 2405 quasi
1157 2324 1246 2382 inviti

229 2452 233 2467 ,
324 2411 507 2488 moriantur,
531 2428 593 2471 non
616 2410 796 2490 recipimus,
834 2411 906 2489 quia
938 2409 1057 2469 veritati
1079 2415 1110 2469 et
1130 2408 1244 2467 rationi

326 2492 522 2554 contrarium.

300 2604 314 2634 x
386 2578 422 2650 9)
449 2575 575 2635 Animas
596 2576 628 2635 in
649 2576 827 2657 purgatorio
851 2575 960 2635 mereri
991 2575 1139 2635 maiorem
1174 2590 1261 2653 gra-¹

324 2660 414 2737 tiam,
443 2666 496 2719 aut
521 2676 628 2719 corum
650 2659 793 2738 praemia
808 2658 917 2733 minui,
946 2659 972 2717 si
994 2656 1103 2717 alienis
1126 2656 1242 2715 meritis

233 2749 237 2765 '
323 2742 505 2821 liberentur,
528 2749 664 2802 autnon
688 2758 756 2801 esse
780 2750 879 2801 certas
901 2741 940 2801 de
961 2740 1076 2820 salute,
1111 2746 1164 2800 aut
1185 2738 1245 2798 suf-

238 2831 240 2835 ’
322 2824 422 2909 tregia
446 2832 551 2886 nostra
573 2824 666 2901 nolle,
687 2830 721 2886 ut
741 2823 813 2885 fidei
836 2830 961 2885 nostrae
984 2831 1016 2883 et
1033 2824 1116 2884 omni
1133 2823 1246 2881 rationi

327 2906 456 2969 adversa
478 2902 637 2989 negamus

387 2988 442 3075 10)
468 2990 608 3051 Meritum
629 2990 783 3069 passionis
806 2988 917 3049 Christi
938 3006 1002 3047 non
1025 3003 1095 3049 esse
1117 2986 1242 3048 thesau-

323 3074 389 3134 rum
412 3073 580 3149 ecclesiae,
615 3090 653 3132 ex
676 3090 737 3149 quo
760 3071 870 3131 dentur
905 3070 1136 3151 indulgentiae,
1172 3071 1247 3151 quia

325 3157 447 3217 veritati
474 3164 505 3216 et
535 3154 714 3239 apostolicis
744 3152 875 3215 decretis
904 3153 1049 3232 obvians,
1081 3173 1245 3235 negamus,

326 3238 405 3300 sieut
432 3236 534 3299 claves
569 3236 638 3298 ease
667 3236 842 3297 thesaurum
875 3237 1026 3298 ecclesiae
1053 3236 1245 3320 imperitissi

245 3346 247 3358 Δ
326 3340 409 3381 mum
446 3322 615 3401 opinamur.
666 3320 782 3380 Meritis
817 3339 941 3400 quoque
979 3329 1154 3383 sanctorum
1188 3338 1247 3379 nos

271 3472 272 3479 ,
327 3404 466 3481 adiuvari
487 3404 538 3483 pie
560 3404 721 3465 oredimus.
1255 3398 1260 3411 '

392 3490 447 3556 11)
472 3486 596 3565 Dicere,
618 3486 825 3568 indulgentias
847 3505 911 3547 non
933 3486 1097 3567 expedire,
1128 3490 1176 3545 est
1203 3502 1248 3544 er-

321 3590 391 3648 ¹ror,
414 3568 517 3633 dicere
537 3570 628 3645 item,
656 3568 865 3651 indulgentiae
887 3588 956 3631 esse
986 3571 1092 3631 vitium
1120 3565 1248 3646 aliquod
1295 3612 1305 3633 t

328 3654 447 3733 operia,
469 3671 531 3732 quo
553 3654 654 3733 ipsum
676 3654 777 3714 minus
800 3647 922 3728 valeat,
956 3671 1042 3727 error
1073 3656 1121 3711 est
1152 3650 1248 3729 pessi-

327 3756 404 3797 mus.
448 3735 549 3811 Quare
571 3744 604 3796 et
622 3736 704 3797 huuc
726 3754 828 3797 errare
848 3736 1012 3812 sentimus,
1034 3735 1084 3813 qui
1105 3728 1190 3811 dicit,
1213 3752 1249 3794 se

246 3830 247 3835 ’
323 3821 424 3881 teneri
452 3818 626 3900 improbare
660 3819 884 3900 indulgentias,
919 3819 992 3900 quia
1020 3817 1170 3877 Dominus
1204 3815 1247 3877 di·

328 3908 392 3983 eat,
420 3902 548 3983 Propter
569 3922 618 3961 me
636 3900 726 3963 deleo
748 3902 940 3982 iniquitates,
963 3918 1026 3967 non
1048 3906 1175 3979 propter
1196 3918 1248 3979 pc

328 3988 445 4066 cuniae.
534 4028 536 4033 -
960 4042 964 4047 .

391 4069 446 4141 12)
462 4069 587 4153 ¹Papum
614 4085 676 4129 non
705 4085 800 4149 posse
820 4065 975 4126 remittere
1004 4082 1156 4145 poenam,
1190 4081 1247 4145 pro
