3075 4775
327 518 390 581 354
556 518 648 571 Raaol.
668 516 699 570 L.
720 532 805 585 super
823 518 1015 586 Propositione

327 707 416 780 bolo,
451 707 500 766 vel
522 707 650 787 rapina?
692 706 733 765 Iu
760 706 810 767 uhi
834 712 896 784 est,
930 705 1014 783 quod
1048 703 1255 784 supradixit,

326 808 490 867 personam
522 790 675 868 loquentia
699 788 928 867 attendendam,
951 786 1033 866 quod
1051 788 1158 847 Petrus
1176 786 1257 845 haec

330 873 487 951 scripserit
517 874 580 932 suis
612 871 765 932 subditis?
816 870 874 945 Qui
907 877 976 931 sunt
1005 870 1086 931 Petri
1120 868 1256 931 subditi?

327 956 374 1014 Au
407 955 465 1015 soli
494 955 585 1017 laici?
631 954 691 1014 Cur
720 974 795 1035 ergo
819 973 926 1014 omnes
957 972 1032 1013 ovea
1054 952 1168 1013 Christi
1197 950 1255 1011 sibi

328 1038 508 1097 commissas
532 1040 561 1098 iu
586 1036 676 1097 Petro
700 1037 815 1097 iactat?
847 1036 930 1117 Ergo
951 1055 1058 1097 omnes
1076 1054 1153 1096 oves
1170 1034 1255 1095 Chri·

327 1121 374 1196 sti,
398 1120 429 1182 id
452 1129 508 1198 est,
532 1139 639 1181 omnes
663 1119 774 1182 subditi
796 1120 900 1200 Papae
922 1121 987 1180 sive
1003 1119 1083 1197 laici,
1107 1120 1173 1179 sive
1192 1118 1254 1177 cle-

320 1204 390 1278 rici,
412 1222 449 1262 ac
471 1222 526 1282 per
547 1203 608 1263 hoc
637 1209 669 1263 et
685 1198 689 1206 ⁴
704 1204 772 1282 ipse
794 1202 856 1263 dux
878 1222 916 1262 ac
937 1208 1057 1282 pastor,
1087 1208 1119 1261 et
1140 1203 1254 1261 arietes

327 1287 439 1364 gregis,
463 1285 576 1345 subditi
599 1292 671 1345 sunt
690 1287 867 1366 imperatori
888 1294 916 1345 et
933 1285 1069 1347 ducibus.
1105 1284 1157 1346 sio
1170 1286 1253 1344 enim

328 1370 487 1448 ipsiusmet
510 1369 724 1430 decretalistae
745 1370 834 1429 huius
864 1369 958 1431 verba
980 1368 1038 1429 sibi
1067 1368 1182 1427 collata
1203 1386 1255 1427 co-

328 1459 413 1529 gunt.
459 1452 521 1512 Aut
543 1472 618 1531 ergo
641 1471 703 1511 uon
727 1454 784 1511 nisi
813 1453 915 1512 clerici
938 1460 1008 1512 sunt
1030 1470 1105 1512 oves
1130 1450 1253 1528 Christi,

329 1534 418 1593 Petro
442 1536 607 1610 commissi,
640 1544 692 1595 aut
715 1536 819 1596 elerici
841 1532 952 1596 subditi
975 1542 1046 1595 sunt
1072 1533 1253 1613 imperatori

327 1616 415 1675 simul
439 1635 506 1678 cum
535 1619 639 1695 laicis,
670 1620 742 1697 quia
776 1638 884 1679 omnes
913 1618 1004 1678 Petro
1038 1617 1153 1677 subditi
1184 1615 1252 1677 sub-

327 1699 438 1759 duntur
467 1721 485 1760 a
508 1701 598 1761 Petro
630 1702 809 1781 imperatori
832 1710 862 1761 et
884 1700 1023 1762 ducibus.

408 1800 468 1861 Sed
490 1801 631 1880 pontifex
657 1803 687 1860 in
718 1799 925 1881 spiritualibus
959 1800 1135 1877 antecellit,
1174 1818 1253 1878 quae

328 1891 413 1943 tanto
440 1891 528 1980 ‘sunt
588 1884 743 1963 digniora,
799 1892 913 1963 quanto
965 1884 1070 1943 anima
1116 1890 1254 1963 praestat

326 1984 458 2045 corpori.

407 2084 448 2142 Et
470 2104 523 2143 cur
544 2085 594 2143 hic
624 2104 686 2144 non
716 2084 851 2145 additur:
887 2084 1045 2144 Duutaxat
1075 2082 1168 2159 illos,
1202 2082 1252 2160 qui

327 2166 495 2244 spiritualia
517 2165 555 2226 ab
577 2186 614 2227 eo
638 2166 828 2247 suscipiunt?
871 2166 1000 2246 Nempe,
1024 2165 1106 2246 quod
1129 2168 1161 2225 in
1179 2171 1253 2223 tem-

326 2247 481 2326 poralibus
504 2250 657 2309 excellere
680 2253 758 2328 vult,
791 2269 829 2310 ne
861 2252 1039 2329 imperatori
1072 2248 1136 2308 ulla
1165 2254 1254 2328 parte

326 2338 454 2411 cogatur
475 2331 573 2412 subdi,
598 2351 687 2412 quem
710 2333 817 2394 Petrus
845 2334 998 2394 intutum
1026 2331 1130 2394 subdit
1157 2332 1252 2411 impe·

325 2416 435 2474 raton‘:
470 2417 513 2475 ita
547 2419 667 2496 cogitur
701 2437 819 2476 sacrum
843 2423 874 2476 et
897 2416 1089 2478 tremendum
1123 2414 1252 2476 verbum

326 2497 383 2556 Dei
404 2505 562 2577 postremo
585 2500 655 2560 loco
679 2499 804 2578 sedere,
828 2507 859 2560 et
880 2501 994 2560 uostris
1016 2498 1178 2560 affectibus
1202 2517 1251 2557 ce-

325 2580 405 2641 dere.
450 2580 510 2641 Sed
533 2581 638 2645 dicito,

407 2683 455 2741 An
468 2682 576 2742 Petrus
599 2681 760 2762 ignorabat
784 2682 954 2760 spiritualia
969 2681 1158 2762 praecellere
1176 2687 1251 2741 tem-

325 2764 504 2841 poralibus?
554 2765 616 2825 Cur
639 2784 713 2844 ergo
738 2784 772 2824 se
798 2767 898 2845 ipsum
922 2772 952 2825 et
984 2784 1092 2825 omnes
1126 2761 1252 2825 subiicit

325 2848 545 2926 temporalibus
560 2847 896 2908 administrationibus?
929 2848 1042 2908 Verum
1058 2846 1134 2907 illud
1152 2847 1250 2926 longe
1355 2871 1366 2885 ⁴

325 2932 457 2990 suavius.
501 2930 620 2990 Subditi
650 2932 731 2991 Petri
760 2938 792 2990 et
825 2931 929 3011 Papae
960 2937 1032 2991 sunt
1064 2930 1250 3010 spirituales,

324 3013 394 3074 ideo
418 3033 480 3074 non
504 3014 616 3074 subditi
637 3015 825 3094 imperatori,
849 3033 888 3074 ex
911 3033 972 3093 quo
995 3015 1142 3092 sequitur,
1165 3013 1249 3092 quod

326 3097 412 3173 laici,
435 3097 507 3175 quia
529 3097 702 3177 spirituales
726 3117 788 3159 nou
811 3105 898 3176 sunt,
919 3115 992 3156 ‘nac
1021 3096 1134 3156 subditi
1156 3096 1249 3173 Petri,

324 3198 386 3239 nou
410 3182 471 3239 sint
493 3200 567 3241 oves
590 3181 720 3259 Christi,
751 3181 823 3258 quia
849 3181 905 3240 has
934 3199 1043 3240 omnes
1065 3180 1157 3240 Petro
1180 3180 1249 3240 suh·

324 3263 404 3324 iecit.
450 3264 525 3322 Cum
549 3272 649 3322 autem
668 3264 776 3323 Petrus
801 3261 880 3345 (hoc
901 3271 1009 3324 autore
1031 3262 1248 3340 decretalista)

325 3347 387 3403 suis
411 3345 538 3406 subditis
561 3348 640 3407 haec
661 3348 826 3427 scripserit,
849 3366 982 3426 sequens
996 3348 1062 3421 erit,
1084 3345 1171 3406 solos
1190 3347 1250 3406 cle-

324 3429 404 3486 ricos
428 3428 559 3509 debere,
583 3438 614 3490 et
642 3431 744 3490 nullos
768 3431 875 3510 laicos,
909 3430 1036 3491 subesse
1058 3430 1250 3508 imperatori,

324 3518 385 3587 aut,
409 3512 491 3588 quod
514 3515 646 3573 maxime
669 3515 806 3588 horrent,
829 3532 891 3574 non
917 3533 1025 3574 omnes
1048 3531 1123 3572 oves
1137 3512 1250 3572 Christi

287 3609 290 3613 ·
325 3613 378 3671 per
401 3595 545 3654 mundum
575 3596 631 3659 sub
653 3597 744 3657 Petro
768 3603 854 3674 sunt,
885 3604 938 3656 aut
965 3615 1073 3657 omnes
1106 3595 1250 3657 subditos

323 3696 391 3735 esse
413 3685 536 3756 oportet
563 3681 733 3758 aequaliter
758 3680 949 3759 spirituales,
982 3680 1008 3740 si
1039 3698 1148 3740 omncs
1173 3698 1250 3739 oves

323 3768 354 3819 et
375 3760 487 3821 subditi
510 3769 581 3822 sunt
593 3763 704 3840 Petro,¹
718 3783 755 3823 ac
777 3781 833 3842 per
847 3763 908 3823 hoc
924 3762 1079 3823 distinctio
1096 3763 1157 3822 ista
1175 3769 1250 3822 tem-

323 3843 474 3925 poralium
497 3851 529 3903 et
550 3846 749 3923 spiritualium
773 3865 898 3925 prorsus
922 3847 1045 3906 corruit.

405 3941 484 4016 Quid
505 3942 589 4001 aliud
611 3952 773 4023 mereatur,
796 3945 848 4023 qui
867 3964 970 4006 sacrus
985 3945 1090 4006 literas
1104 3946 1249 4006 humanis

323 4025 534 4087 traditionibus
558 4031 690 4087 tractare
721 4035 753 4088 et
775 4029 988 4089 contaminare
1010 4027 1119 4107 audet,
1154 4047 1249 4108 quam
