3075 4775
318 590 333 614 x
357 549 420 617 128
497 617 503 626 Ι
565 545 719 621 Disputatio
736 532 843 619 Lipsiae
861 538 955 603 habits
973 564 999 605 e.
1021 538 1083 603 X'Iii

357 743 428 816 ret,
462 737 546 817 quod
569 735 622 798 hio
642 735 800 817 neglexit,
822 754 891 796 eum
914 734 1046 815 obierit,
1080 733 1163 814 apud
1187 734 1289 795 Deum

304 859 308 876 .
358 823 535 900 promereri.
566 821 775 899 Gessatergo
797 824 1021 897 postmortem
1044 818 1192 879 meritorii
1216 836 1290 897 ops·

356 905 398 963 ris
420 905 544 981 anotio,
574 909 680 963 oessat
702 909 734 963 et
754 902 873 982 gratiae
895 904 997 962 auotio
1021 902 1136 962 meritis
1159 919 1290 979 rospon-

238 1046 244 1050 .
360 986 447 1047 dens.

665 1148 988 1211 M.Lutherus

422 1316 576 1395 Opposuit
598 1314 740 1396 egregius
762 1315 798 1374 D.
813 1313 849 1374 D.
869 1314 945 1374 duas
967 1314 1091 1374 divinae
1113 1313 1291 1394 Scripturas

359 1401 551 1475 autoritates,
579 1406 612 1458 et
634 1406 765 1476 quotuor
786 1396 816 1457 S.
840 1397 973 1457 Petrum.
1006 1397 1108 1457 Prima
1123 1397 1293 1471 ieremias,

361 1483 504 1543 ubiDeus
525 1481 621 1541 dicit:
644 1480 851 1541 Reddomeis
874 1480 1153 1560 seeundum-open
1174 1498 1293 1543 eorum.
1351 1501 1355 1505 ·

360 1566 456 1625 Miror
477 1565 573 1638 setis,
610 1564 693 1642 quod
727 1564 870 1643 egregius
892 1563 928 1625 D.
953 1564 989 1625 D.
1022 1563 1102 1624 haee
1123 1570 1158 1623 et
1178 1564 1294 1623 similia

361 1648 525 1709 arbitretur
546 1653 656 1707 eontra
678 1665 728 1707 me
749 1662 909 1726 pugnare,
946 1664 1015 1707 oum
1040 1665 1100 1727 ago
1122 1647 1153 1705 iu
1174 1647 1294 1706 resolu-
1365 1700 1371 1725 ,

360 1732 442 1791 torio
463 1748 534 1789 meo
559 1729 656 1789 multo
679 1730 783 1809 plures
799 1726 981 1789 adduxerim
1000 1730 1033 1788 iu
1046 1729 1128 1789 hane
1147 1729 1294 1809 formam,

360 1821 395 1874 et
415 1813 629 1892 exposuerim,
660 1811 817 1891 quomodo
840 1810 914 1871 nihil
938 1820 1046 1872 eontra
1068 1830 1119 1873 me
1138 1820 1291 1892 pugnent.

359 1898 426 1957 Aut
450 1912 552 1973 aeque
572 1902 680 1955 eontra
701 1894 915 1975 purgatorium
936 1901 1085 1974 pugnant.
1109 1894 1186 1954 Cum
1210 1896 1294 1955 enim

362 1979 471 2039 divina
491 1977 648 2058 Scriptura
670 1984 737 2038 tota
756 1996 882 2055 prorsus
904 1977 980 2038 nihil
1007 1977 1121 2037 habeat
1159 1975 1200 2037 de
1221 1980 1294 2039 Pur·

362 2062 494 2143 gatorio,
516 2061 572 2121 sed
582 2060 689 2122 omnia
698 2060 844 2138 loquatur
865 2060 914 2119 vel
926 2059 966 2121 de
984 2060 1114 2138 inferno,
1127 2060 1296 2140 vetooeio,

308 2164 312 2168 ’
363 2146 437 2222 volo
460 2144 521 2204 hoe
541 2144 601 2203 hao
628 2162 691 2203 uns
710 2144 915 2222 responsione
942 2143 982 2202 ad
1010 2162 1121 2203 omnes
1148 2146 1296 2205 autorim
1366 2200 1372 2207 ,

366 2235 413 2289 tes
434 2226 654 2307 respondisse,
691 2226 780 2304 quod·
803 2244 867 2285 non
888 2224 1066 2285 iaoiant·ad
1086 2228 1325 2307 propositum„

370 2317 535 2391 sequenter
556 2314 588 2369 et
608 2309 820 2389 expositiones
843 2309 979 2369 omnium
1001 2309 1134 2387 Petrum,
1157 2310 1217 2369 nisi
1238 2330 1294 2371 ex-

368 2413 478 2475 presse
512 2394 707 2454 meminerint
733 2393 1033 2486 purgatorii.·Nam
1063 2392 1211 2454 eredibile
1239 2403 1298 2472 est,

365 2477 466 2558 quod,
488 2475 612 2555 quando
635 2482 767 2536 tractant
787 2474 960 2554 Scripturas
991 2485 1134 2554 sanetas,
1169 2495 1297 2538 sensum
1336 2549 1348 2556 ἢ

364 2562 463 2620 etiam
487 2560 663 2638 Scriptus-ae
698 2565 834 2620 sanotae·
848 2565 1024 2637 sequantur.
1067 2558 1204 2638 ideoque
1224 2561 1298 2622 attis

366 2642 541 2706 nationibus
574 2648 606 2702 et
639 2639 852 2705 autoritatibus
874 2640 979 2722 doesri
1001 2646 1144 2721 oportet,
1177 2645 1301 2704 animas

335 2737 339 2744 ’
368 2733 573 2803 essseertas,
595 2732 627 2802 et
639 2728 711 2785 'non
732 2724 838 2803 augeri
860 2742 913 2784 ees
936 2725 966 2784 in
990 2726 1126 2787 oarimte.

753 2905 929 2992 Eooius„
1132 2933 1134 2940 ⁴

434 3059 512 3131 Dum
534 3056 724 3122 reverendus
745 3059 836 3120 Peter
857 3060 960 3140 plures
981 3080 1017 3135 ee
1038 3061 1193 3142 aiiegasse
1215 3063 1302 3126 dieat

370 3152 552 3210 autoritates
565 3147 596 3204 in
615 3143 800 3210 resolutorie
824 3150 855 3203 et
868 3147 1061 3223 exposuisse,
1082 3143 1223 3206 vidimus.
1249 3147 1301 3207 Vi·

370 3231 472 3293 dimus
496 3246 620 3309 qnoque
636 3226 777 3306 glossam
794 3244 880 3287 susm
892 3226 932 3287 ed
954 3233 1073 3288 textam
1090 3227 1168 3287 nihil
1186 3229 1302 3320 faeere,

370 3315 537 3392 quodiam
561 3309 770 3373 ostendemus.
797 3309 866 3370 Hoo
887 3329 1011 3390 quoque
1031 3327 1095 3370 non
1118 3313 1301 3392 aooipimus,

300 3416 303 3423 ¹
369 3397 402 3457 in
423 3415 514 3460 seora
535 3396 694 3476 Scriptura
715 3392 790 3452 nihil
812 3393 916 3454 haberi
939 3393 980 3454 de
1000 3395 1190 3474 purgatorio,
1214 3398 1299 3475 qnod

370 3479 483 3538 dioturn
507 3479 633 3559 quidem
655 3476 783 3536 Grasois
806 3489 838 3536 et
856 3476 992 3536 Piaardis
1014 3481 1098 3538 esset
1118 3477 1303 3553 favorabile,

371 3562 687 3630 verumohristienee
708 3556 782 3619 fidei
802 3559 980 3637 adversum,
1002 3568 1036 3619 ut
1055 3567 1139 3620 reete
1160 3564 1303 3623 meminit

370 3645 402 3704 in
423 3645 629 3722 resolutorie,
662 3641 718 3704 sed
740 3647 892 3720 ponamus
914 3643 1100 3703 solutionem
1113 3662 1210 3705 soem
1236 3648 1303 3707 uni-

370 3745 440 3786 osm
462 3726 502 3787 ad
523 3727 621 3788 eoiem
646 3727 701 3808 1),
729 3743 800 3804 -qua
821 3725 913 3803 dieit,
942 3725 1078 3786 adduota
1097 3725 1173 3786 nihil
1194 3727 1302 3789 faeere

277 3877 280 3880 ,
369 3810 411 3870 ad
434 3811 636 3892 propositum,
660 3827 752 3888 quarn
776 3810 929 3878 counione
949 3807 1119 3888 respondit.
1164 3809 1302 3890 Aposto-

375 3973 801 4014 -----—·-·t-‘

408 4072 441 4140 1)
460 4030 697 4126 LoesoDerrsiert
717 4085 754 4123 ex
774 4067 836 4120 eod.
855 4065 937 4118 MSo:
958 4063 993 4116 ad
1010 4051 1116 4127 'ornem
1234 4095 1240 4126 3
