3075 4775
317 537 384 607 460
563 541 609 597 Vl.
628 541 734 599 Coreto
750 540 901 610 utonem
920 543 958 597 sit

322 729 487 804 (honest,
515 730 548 792 in
576 729 666 792 vohis
694 731 787 792 etiam
809 731 902 816 ipsis)
927 729 1125 792 uitiationern
1147 727 1242 790 habe·

320 812 400 890 bitis,
422 814 453 872 in
476 819 650 875 meantem
672 832 790 894 paoem.

401 896 591 972 Undeoimo‚
619 899 664 958 sio
690 899 811 978 peoeati
839 916 962 976 quoque
990 897 1084 958 ianies
1106 913 1169 956 uon
1194 902 1243 956 est

319 979 389 1040 talis
410 979 616 1060 concipienda
636 981 756 1057 animo,
779 981 877 1060 qualis
899 987 953 1042 aut
974 987 1023 1042 est
1043 999 1098 1059 per
1120 998 1164 1054 ss,
1187 985 1244 1040 aut

319 1081 389 1123 esse
402 1061 523 1124 videtur
542 1065 575 1124 in
585 1065 633 1142 iis,
654 1065 717 1142 qui,
738 1083 808 1124 oum
831 1083 893 1126 nou
913 1062 1113 1124 emendarent
1133 1063 1242 1140 vitam,

318 1147 349 1206 in
371 1148 509 1226 peeoatis
530 1149 595 1208 suis
615 1148 780 1227 periemut.
814 1148 892 1208 Nam
916 1149 942 1208 si
964 1146 995 1208 id
1017 1145 1080 1224 dat,
1102 1146 1242 1227 perimus

319 1238 351 1290 et
371 1249 438 1289 nos.
480 1230 675 1291 Avertendas
696 1238 745 1291 est
764 1232 883 1292 animus
906 1251 925 1292 a
945 1236 1146 1312 peecatorum
1167 1247 1242 1290 oon-

319 1320 444 1392 speatu‚
476 1321 508 1374 et
537 1313 694 1395 defigendi
721 1320 794 1375 sunt
822 1315 903 1374 oeuli
924 1315 956 1376 in
979 1315 1124 1395 gratiam,
1157 1312 1241 1373 illius

318 1397 483 1477 imaginem
505 1403 538 1458 et
557 1397 687 1458 formam
709 1398 814 1458 animo
838 1396 1004 1458 obversata
1019 1395 1144 1457 assiduo
1167 1413 1242 1458 aan-

318 1481 413 1540 venit.

399 1562 497 1624 Porro
529 1565 634 1643 imago
662 1564 781 1644 gratiae
807 1569 855 1624 est
876 1562 1013 1624 Christus
1047 1561 1186 1643 pendens
1207 1562 1241 1622 in

318 1665 425 1719 oruoe,
457 1647 531 1706 item
561 1665 668 1707 omnes
695 1646 799 1708 Sancti
833 1665 888 1726 per
916 1644 1155 1708 misericordiam
1179 1663 1241 1705 ser·

317 1731 390 1790 vati.
434 1727 466 1788 ld
490 1729 574 1807 quod
602 1730 648 1805 sio
668 1737 716 1790 est
735 1728 965 1810 aoeipiendum:
1004 1728 1051 1790 Ee
1074 1734 1121 1789 est
1141 1729 1242 1808 gretie

317 1818 349 1872 et
370 1812 590 1885 miserirordia‚
613 1811 696 1892 quod
718 1812 858 1874 Christus
880 1813 963 1872 omui
979 1811 1090 1872 affixus
1110 1817 1243 1891 pennata

316 1901 370 1956 tua
384 1896 416 1956 in
439 1915 472 1956 se
493 1897 613 1976 recipit,
634 1896 717 1958 tollit
737 1915 786 1975 ea,
810 1902 840 1956 et
861 1915 987 1976 prorsus
1008 1895 1124 1957 abolet.
1146 1893 1240 1968 Quod

318 1980 344 2038 si
366 1978 474 2039 eredas
505 1980 580 2056 ista,
613 1986 645 2039 et
675 1977 793 2060 defigas
820 1981 851 2040 iu
883 1977 1061 2040 orueiflxum
1085 1977 1241 2039 Christum

317 2061 440 2138 oeulos,
469 2062 544 2123 nihil
567 2061 726 2136 dubitans,
753 2064 827 2142 quin
851 2063 956 2124 omnis
979 2067 1032 2122 tua
1052 2067 1181 2141 peecata
1203 2062 1242 2120 si-

316 2145 379 2203 mul
402 2141 485 2204 oriroi
507 2147 568 2205 sint
589 2144 682 2205 affixe
704 2153 736 2206 et
756 2144 887 2223 sublata,
908 2145 940 2205 id
962 2143 1085 2205 tandem
1104 2151 1152 2204 est
1173 2163 1241 2224 gra-

317 2229 379 2288 tiae
400 2228 509 2287 faeiem
533 2235 565 2288 et
584 2228 750 2308 imaginem
774 2233 914 2308 spsotare
936 2246 974 2288 ae
994 2229 1115 2289 intueri.

398 2309 524 2370 Gratiae
545 2329 669 2391 quoque
697 2312 801 2393 imago
824 2314 855 2372 in
878 2310 998 2372 Senotis
1021 2321 1082 2389 est,
1112 2310 1164 2390 qui
1187 2331 1243 2391 per

317 2393 556 2455 miseridordiem
578 2394 692 2455 servati
726 2414 848 2457 ornnem
877 2414 915 2457 an
942 2402 1072 2457 mortem
1094 2394 1241 2474 tolerant,

317 2484 387 2537 tuos
408 2475 530 2539 labores
561 2484 593 2538 et
620 2479 808 2539 tentationes
841 2486 909 2539 tuas
938 2488 1009 2539 suas
1033 2497 1101 2540 esse
1120 2483 1242 2557 putant,

317 2560 397 2621 sieut
416 2560 492 2621 dioit
513 2561 624 2621 Paulus
645 2561 715 2623 Gal.
736 2565 773 2626 6:
796 2561 887 2629 Alter
905 2562 1030 2623 alterius
1052 2580 1150 2623 onera
1172 2580 1243 2640 por·

314 2648 395 2715 tate,
428 2651 460 2705 et
489 2646 534 2704 sio
562 2644 717 2725 complete
740 2645 842 2725 legam
864 2644 984 2705 Christi.
1028 2644 1079 2705 Sto
1101 2643 1242 2706 Christus

316 2727 644 2806 quoquehiatth.11:
669 2728 782 2788 Venite
803 2728 842 2789 ad
865 2747 916 2789 me
938 2746 1057 2805 omnes,
1080 2729 1131 2806 qui
1154 2727 1241 2789 labo-

314 2810 389 2871 ratis
410 2819 442 2870 et
463 2812 582 2871 onerati
605 2811 689 2888 estis,
710 2818 743 2871 et
763 2828 823 2890 ego
845 2810 979 2872 reficiam
1002 2830 1069 2873 vos.
1099 2810 1151 2871 flio
1173 2817 1241 2873 tuto

316 2899 348 2953 et
380 2894 448 2953 aine
478 2892 581 2972 aliquo
613 2894 751 2975 perieulo
782 2912 945 2973 possumus
975 2901 1105 2973 peoeata
1133 2900 1242 2955 nostra

314 2977 435 3053 intueri,
456 2977 549 3037 etiam
571 2978 639 3038 sine
661 2976 724 3038 allo
735 2978 946 3038 eonscientiae
968 2983 1093 3039 nostroe
1111 2982 1240 3037 terrore.

315 3058 367 3119 flio
395 3066 525 3137 peecata
556 3079 618 3121 non
648 3066 720 3123 suut
748 3060 883 3141 amplius
910 3066 1059 3140 pennata,
1090 3059 1145 3121 sed
1168 3068 1241 3121 sunt

314 3161 369 3221 per
392 3141 545 3203 Christum
568 3142 691 3203 devicte
712 3149 743 3204 et
765 3142 923 3224 absorpta.

398 3224 664 3300 Quemadmodum
688 3228 770 3288 euim
789 3227 926 3289 Christus
948 3233 1031 3287 tuam
1055 3230 1185 3287 mortem
1208 3227 1240 3285 in

316 3328 351 3368 se
372 3310 498 3389 recepit,
521 3328 651 3389 eamque
672 3311 821 3388 confecit,
844 3316 878 3370 ut
899 3328 963 3370 non
985 3310 1086 3390 possit
1105 3308 1239 3389 amplius

315 3390 370 3451 tibi
392 3410 522 3468 uetere,
555 3392 697 3454 simodo
720 3393 782 3454 hoo
804 3393 926 3469 eredas,
951 3399 1085 3453 ettnem
1108 3399 1240 3453 mortem
1305 3426 1313 3435 ·

316 3475 347 3533 iu
367 3473 500 3553 Christo,
522 3476 636 3537 nonin
659 3482 700 3547 te,
721 3476 885 3537 intuearis:
914 3477 959 3535 sin
980 3483 1012 3536 et
1033 3481 1162 3555 peooata
1186 3480 1242 3535 tua

315 3559 347 3617 in
368 3576 403 3617 se
424 3559 548 3637 recipit,
571 3566 602 3619 et
622 3560 718 3619 vineit
738 3578 777 3620 ea
800 3578 856 3621 sua
875 3560 1006 3632 iustitis,
1028 3574 1119 3637 quem
1141 3560 1241 3639 gratis

315 3642 346 3701 in
378 3646 407 3701 te
429 3642 556 3704 confert.
601 3641 692 3717 Quod
721 3644 747 3703 si
770 3642 893 3721 eredas,
924 3661 987 3703 non
1016 3647 1147 3721 possunt
1177 3660 1241 3701 am-

315 3724 396 3803 plius
427 3731 558 3804 peecata
592 3733 622 3786 te
660 3726 880 3787 condemnare.
929 3723 982 3787 Sie
1019 3731 1066 3785 est
1100 3724 1240 3785 Christus

315 3806 491 3887 exemplum
514 3827 552 3868 ao
572 3809 677 3889 imago
700 3810 818 3889 gratiae
840 3814 871 3871 et
892 3809 992 3882 vitae,
1015 3826 1116 3886 quem,
1140 3810 1240 3885 quoti-

315 3909 471 3970 escunque
502 3891 553 3951 vel
580 3898 709 3969 peooeto
740 3892 911 3952 vsimorte
934 3897 1108 3968 tentamur,
1141 3909 1239 3971 oppo-

284 3987 287 3994 ·
316 3992 390 4034 nere
412 3974 570 4035 debemus.
614 3973 647 4033 ld
678 3974 762 4053 quod
784 3973 814 4035 S.
837 3974 949 4035 Paulus
974 3978 1000 4037 1.
1025 3972 1164 4035 Corinth.
1190 3978 1239 4039 15.

315 4054 362 4115 his
383 4056 484 4118 verbis
507 4056 595 4118 dioit:
617 4056 684 4118 Deo
706 4058 822 4139 meda,
851 4060 903 4139 qui
925 4057 1014 4121 nobis
1036 4056 1123 4119 dedit
1142 4058 1240 4119 vieto·
