3075 4775
360 536 424 605 336
602 540 695 596 anot
714 540 741 595 t.
760 556 847 611 anper
867 544 1059 611 Propootttone

360 724 518 805 intelligit,
539 742 616 805 qous
629 724 887 807 eooleetuerupm
899 733 1018 807 petram
1036 726 1085 803 (id
1098 732 1148 787 eet
1169 724 1284 810 fldem)

362 810 444 889 prino
466 807 648 870 oedifioetae
668 810 768 887 trudit,
792 818 825 871 ut
836 811 919 871 olore
940 818 1046 872 textus
1058 810 1137 872 ordo
1160 810 1284 890 probat.

362 892 457 953 Video
473 910 559 973 ergo,
581 912 672 972 qnam
684 894 812 955 ambitio
825 897 1013 969 exeaeoetl)
1037 894 1146 955 oeulos
1160 896 1285 972 mentis,

362 983 395 1035 ut
414 976 547 1035 clavium
569 984 725 1056 potestate
746 996 810 1039 uon
833 986 995 1056 eontenta,
1018 980 1109 1037 etiam
1134 996 1176 1036 ex
1198 987 1295 1059 petre·

360 1057 433 1119 fidei
468 1058 567 1140 (quae
601 1067 651 1121 eat
683 1061 836 1123 eooleaiae
869 1059 1058 1142 substantia)
1094 1067 1285 1141 potestatem

360 1141 509 1213 laetatu.

443 1223 533 1299 Quod
562 1233 664 1286 antem
694 1226 745 1288 hio
775 1228 944 1289 Anaoletue
973 1227 1145 1287 Romanam
1177 1224 1287 1286 eedem

361 1309 490 1388 primam
506 1319 608 1386 vocat,
630 1318 663 1369 et
672 1310 914 1371 Alexandrinum
927 1308 1106 1386 seeundum,
1128 1316 1162 1368 et
1177 1311 1286 1370 Antio·

360 1391 489 1452 olrenam
512 1393 647 1469 tertiam,
681 1395 843 1473 teripeum
867 1396 975 1454 iterum
1010 1392 1184 1473 redarguit,
1223 1412 1286 1454 non

361 1474 479 1550 sotum,
503 1479 575 1553 quia
595 1478 653 1536 iate
675 1476 752 1537 ordo
774 1478 836 1537 iam
860 1476 911 1537 diu
933 1482 1066 1537 mutatus
1089 1482 1153 1552 est,
1176 1494 1285 1535 verum

362 1558 465 1635 etiem,
480 1557 563 1636 quod
571 1560 708 1638 sequitur
719 1560 801 1637 hino,
814 1568 867 1620 aut
879 1558 1121 1621 Alexandrinam
1133 1577 1208 1617 ease
1218 1560 1287 1621 iure

360 1639 467 1701 divino
489 1640 666 1718 seeundum,
689 1650 721 1702 et
734 1643 961 1704 Antiochenam
986 1643 1125 1719 tertiam,
1149 1648 1204 1701 aut
1227 1660 1286 1703 neo

360 1722 533 1783 Romanam
556 1726 703 1804 primam,
737 1728 811 1804 quio
844 1726 955 1787 eodem
978 1727 1043 1785 iure
1066 1731 1193 1804 oportet
1216 1744 1287 1785 eene

360 1806 500 1886 primam,
524 1826 586 1886 quo
600 1808 768 1869 secundam
791 1816 823 1870 et
846 1811 977 1870 tertiam.
1022 1808 1064 1868 At
1086 1807 1286 1868 manifestum

269 1942 276 1951 .
360 1897 424 1968 eet,
459 1890 541 1968 quod
563 1890 730 1951 seeundum
753 1900 785 1952 et
816 1894 937 1953 tertiam
971 1910 1028 1951 ouo
1062 1891 1127 1950 iure
1162 1891 1288 1952 ordinat

361 1972 516 2050 Murena,
539 1993 613 2054 ergo
636 1982 668 2034 et
681 1994 714 2034 ee
728 1977 827 2054 ipsam
843 1977 971 2055 primam
994 1993 1050 2035 ouo
1072 1975 1138 2033 iure
1152 1974 1287 2035 ordinet.

445 2054 535 2117 Errat
555 2059 647 2117 etiarn
670 2059 702 2119 in
725 2058 870 2137 historia,
900 2058 981 2137 quod
1003 2057 1155 2137 Ignatium
1180 2058 1288 2118 aoribit

361 2141 560 2199 coustitutum
599 2161 619 2200 a
654 2141 746 2202 Petro
785 2143 964 2221 epieoopum
1000 2140 1188 2201 Antioohiae
1229 2141 1287 2201 sibi

362 2240 590 2300 anooeaeorem,
623 2243 693 2284 oum
716 2226 748 2285 in
771 2225 983 2285 ecclesiastiea
1011 2224 1139 2283 historin
1169 2228 1287 2303 pateat,

360 2306 514 2366 Euodium
548 2306 655 2382 Petro,
691 2316 722 2367 et
742 2307 866 2369 Enodio
897 2308 1049 2389 Ignatium
1084 2309 1287 2367 suooeeeiese.

360 2390 434 2451 ldeo
457 2410 520 2450 non
540 2398 589 2450 eet
609 2391 766 2468 eredibile,
788 2392 876 2454 huius
892 2391 1035 2452 ,Cononis
1057 2397 1198 2451 autorem
1218 2411 1288 2452 esee

364 2474 558 2534 Auuoletum.

376 2569 379 2575 ’
444 2557 508 2616 lam
529 2557 601 2618 audi
623 2560 732 2618 iterum
755 2578 897 2618 senorum
920 2556 1151 2630 affirmatorem,
1174 2557 1207 2617 id
1231 2564 1289 2636 eet,

360 2641 570 2702 temerarium:
607 2645 687 2702 luter
708 2642 816 2703 beatos
839 2641 1015 2721 apostolor,
1051 2641 1168 2719 inquit,
1192 2661 1286 2720 queo·

361 2722 432 2784 dam
455 2722 510 2783 fnit
532 2723 676 2786 discretio
698 2726 877 2805 potestatis,
901 2731 933 2784 et
954 2723 1027 2784 lioet
1048 2742 1158 2784 omnes
1182 2733 1290 2786 esseut

361 2806 506 2886 apostoli,
528 2807 620 2869 Petro
643 2816 746 2884 tamen
768 2827 950 2870 conoessum
975 2815 1021 2867 eet
1043 2826 1062 2866 a
1081 2806 1241 2886 Domin0‚'
1258 2815 1289 2868 et

359 2891 420 2971 ipei
438 2890 518 2950 inter
532 2910 567 2951 ee
579 2891 782 2952 volueruntid
805 2893 914 2972 ipsum,
937 2897 969 2950 ut
990 2890 1067 2968 reliq
1076 2890 1121 2949 uie
1133 2893 1290 2970 apostolis

363 2973 505 3034 omnibus
527 2984 695 3054 praeesset.
738 2975 887 3051 Obseoro,
909 2993 990 3053 quoe
1010 2974 1067 3035 init
1087 2974 1148 3033 ieta
1171 2973 1286 3036 disere·

361 3058 404 3119 tio
429 3057 613 3136 potestatis?
635 3058 789 3136 Numquid
804 3059 912 3118 Petrus
930 3057 1085 3117 ordinavit
1096 3058 1287 3136 apostolos?

361 3140 510 3219 numquid
534 3142 615 3202 misit
637 3142 713 3202 eoo?
735 3141 883 3220 numquid
906 3139 1101 3202 oonlirmavit
1122 3139 1206 3200 eos?
1229 3141 1287 3202 Ubi

362 3224 463 3304 legisti
486 3223 587 3301 belua,
610 3224 692 3303 quod
714 3245 733 3284 a
756 3226 889 3286 Domino
913 3242 1094 3284 conoessum
1120 3230 1169 3283 eet
1191 3224 1287 3285 Petro

361 3307 476 3369 hebere
497 3307 660 3368 dinotetam
679 3315 866 3388 potestatem
889 3308 927 3370 ob
950 3307 1044 3368 aliis?
1078 3305 1204 3385 quando
1229 3308 1290 3368 hoo

361 3392 419 3471 ipsi
442 3390 645 3451 voluerunt?-

445 3472 526 3546 Quin
546 3475 597 3534 hio
618 3475 724 3554 signa,
754 3473 869 3554 duplex
892 3480 942 3534 eet
962 3473 1127 3552 primatus,
1156 3473 1287 3535 honorio

362 3563 394 3617 et
415 3559 586 3636 potestatis.
632 3557 721 3631 Quod
745 3558 854 3618 Petrus
885 3557 998 3636 primus
1028 3555 1141 3616 luit-in
1167 3555 1286 3634 ordine,

362 3658 455 3701 nemo
484 3646 588 3720 negat.
630 3641 709 3700 Nam
731 3647 764 3701 et
785 3641 866 3702 inter
895 3638 1085 3716 oerdinalee,
1108 3639 1286 3720 episeopoe,

363 3722 552 3799 saeerdotes,
572 3724 728 3802 doctores,
747 3725 910 3805 principes,
933 3723 1053 3783 etiamsi
1074 3721 1176 3782 nullus
1200 3724 1286 3786 elteri

362 3807 516 3868 aubieotue
539 3815 602 3883 est,
632 3814 734 3866 tamen
758 3826 887 3870 neeesse
911 3813 972 3884 eet,
994 3806 1025 3864 in
1054 3813 1213 3867 eonventu
1235 3807 1285 3867 ali·

362 3909 453 3969 quem
475 3891 576 3969 primo
596 3889 668 3950 loon
690 3890 818 3971 aedera,
851 3900 1051 3954 oumtemen
1075 3889 1151 3950 nihil
1174 3889 1285 3952 habeat

401 4089 431 4152 l)
452 4089 482 4140 ln
503 4086 566 4138 edit.
586 4087 692 4155 priore:
712 4092 852 4140 excaecat.
889 4087 921 4149 2)
946 4088 975 4138 ln
994 4085 1037 4139 ed.
1059 4083 1137 4139 Jen.:
1159 4088 1232 4139 lauit.

1192 4261 1238 4352 Q
