3075 4775
442 546 573 605 adversus
593 551 797 606 criminationes
814 549 953 606 «lobannis
971 552 1054 608 aeui.
1168 551 1209 617 17

374 734 413 812 l]
435 736 483 799 Ne
504 755 543 800 ue
564 737 636 819 quid
657 737 745 819 fides,
768 760 869 821 neque
891 741 964 822 qnid
982 744 1136 821 sorbitio,
1158 761 1209 804 ne

284 837 350 900 que
372 819 446 900 quid
474 756 602 882 liberum
624 822 781 884 arbitrium
800 825 855 904 sit,
884 826 1020 888 ostendit
1047 846 1081 888 se
1104 844 1207 906 nosse,

285 903 342 982 qui
364 902 492 964 liberum
515 904 668 966 arbitrium
691 913 832 988 aotuum,
860 910 926 971 sive
946 909 1112 986 bonorum,
1141 911 1207 970 sive

284 985 449 1066 malorum,
471 986 628 1048 dominum
650 1008 718 1050 esee
739 990 877 1070 balbutit,
898 999 952 1053 ent
972 1013 1036 1058 non
1056 993 1125 1054 sols
1146 991 1208 1053 fide

283 1069 374 1130 verbi
396 1088 487 1149 quem
508 1071 679 1151 iustilieari,
706 1080 760 1135 eut
781 1073 873 1136 iidem
897 1094 960 1136 non
981 1076 1049 1138 tolli
1069 1076 1208 1156 quolibet
1268 1105 1272 1112 »

271 1153 415 1214 'ammius
435 1155 579 1216 somniat.

371 1234 562 1319 8)‘Veritnti
595 1240 626 1299 et
652 1239 763 1299 rationi
786 1239 971 1301 eontrarium
1000 1247 1048 1316 est
1072 1240 1206 1320 quidem,

281 1318 383 1380 invite
407 1320 572 1382 munientes
595 1319 726 1384 deiioere
753 1323 785 1382 in
807 1324 948 1401 ueritate,
981 1323 1114 1403 ideoque
1141 1327 1206 1404 pati

280 1400 445 1464 horrorem
457 1404 634 1485 purgatorii,
656 1405 749 1467 modo
763 1407 876 1468 veritae
899 1410 930 1470 et
951 1407 1029 1468 ratio
1051 1406 1205 1486 nitidem,

279 1485 369 1564 quod
393 1487 498 1566 opinio
521 1486 787 1569 theologistarum.

368 1571 406 1644 9)
430 1569 559 1630 Animas
582 1571 612 1630 in
635 1573 813 1652 purgatorio
835 1591 904 1634 esse
925 1578 1024 1633 sertas
1046 1572 1085 1634 de
1107 1571 1206 1634 saluts

278 1670 358 1729 sue,
395 1671 453 1712 nee
473 1653 602 1734 gratiam
631 1655 660 1714 in
684 1657 729 1715 eis
751 1656 873 1737 augeri,
909 1657 1022 1716 seimus
1045 1675 1065 1716 a
1086 1655 1204 1716 theolo-

276 1735 372 1816 gistis
394 1737 506 1815 asseri,
534 1735 589 1798 sed
613 1738 755 1798 miremur
777 1737 972 1800 doetissimos
995 1740 1096 1816 viros,
1122 1738 1204 1820 quod

277 1817 376 1878 huius
398 1817 470 1880 fidei
492 1837 567 1880 auae
588 1821 737 1882 rationem
760 1839 819 1882 nee
839 1821 991 1898 stultae¹]
1009 1823 1204 1883 verisimilem

275 1901 414 1964 reddere
437 1909 575 1982 potsunt.

308 1989 311 1993 ’
372 1988 429 2060 10)
453 1985 591 2048 Meritum
614 1985 726 2049 Christi
754 2006 824 2048 esse
845 1987 1020 2048 thesaurum
1042 1988 1204 2066 eeclesiae,

276 2074 312 2128 et
338 2075 513 2131 sanatorum
536 2071 650 2142 maedus
672 2071 786 2149 iuvari,
818 2077 934 2132 eertum
951 2077 1008 2133 est.
1050 2069 1128 2132 Esse
1153 2092 1204 2132 eu·

235 2167 238 2176 ’
276 2159 346 2214 tem
386 2151 559 2214 thesaurum
588 2152 848 2235 indulgentiarum
875 2172 966 2217 nemo
1001 2155 1059 2216 nisi
1092 2154 1202 2215 foedus

275 2233 446 2313 adulator,¹
458 2237 734 2318 extravagantem)
760 2237 926 2298 averitate
949 2245 980 2298 et
1000 2235 1090 2298 hetae
1112 2257 1202 2318 quae·

275 2318 353 2380 dam
377 2319 528 2380 ecelesiae
549 2339 662 2401 prenae
683 2325 737 2382 eut
757 2341 831 2390 usus
848 2320 1002 2383 simulant.

370 2401 424 2486 li)
449 2403 572 2480 Diesre,
584 2404 871 2485 indulgentinsesae
891 2404 1003 2467 bonum
1016 2405 1201 2485 Christiano,

275 2488 330 2547 est
349 2487 494 2564 insanire,
516 2494 587 2548 sunt
608 2489 689 2549 enim
704 2490 863 2551 verissime
879 2490 981 2569 operis
995 2487 1069 2550 honi
1083 2490 1201 2567 uitium,
1230 2542 1232 2546 .

151 2561 157 2588 ⁶
275 2578 309 2631 et
349 2570 525 2650 improbare
556 2570 762 2653 indulgentias
799 2571 891 2634 debet
921 2571 1127 2651 Christianus,
1161 2572 1202 2635 ob

276 2653 423 2732 ebusum,
445 2649 688 2733 quia'Dominus
709 2655 792 2735 diois,
813 2655 942 2736 Propter
963 2675 1013 2717 me
1034 2656 1124 2718 deleo
1146 2657 1204 2717 ini-

276 2736 417 2816 quitates
439 2745 516 2817 tuas,
540 2756 603 2799 non
624 2749 753 2820 propter
771 2739 926 2819 pesunias.
1184 2743 1188 2749 ’

366 2822 422 2897 12)
457 2820 571 2901 Papam
606 2840 700 2903 posse
726 2824 881 2883 remittere
913 2840 1036 2881 omnem
1069 2840 1201 2901 poenam

151 2886 152 2891 ἵ
275 2921 338 2985 pro
369 2904 506 2983 pensatis
534 2903 668 2967 debitam
698 2905 789 2967 huius
814 2911 856 2969 ‘et
886 2905 1008 2965 futurae
1038 2904 1137 2979 vitae,
1172 2911 1203 2963 et

275 2985 365 3066 quod
388 2984 597 3067 indulgentiae
620 2990 739 3068 prosint
759 3006 823 3049 non
843 2987 1025 3063 oriminosis‚
1048 2987 1202 3047 somnient

275 3086 391 3134 seeure
413 3067 617 3131 indootissimi
638 3072 813 3152 sophistae,
848 3079 880 3133 et
906 3070 1042 3151 pestiferi
1064 3068 1201 3131 adulato-

274 3172 339 3230 res,
362 3172 426 3213 non
447 3160 548 3215 temen
570 3154 620 3215 vel
645 3162 719 3215 nutu
740 3161 872 3235 possunt
892 3152 1064 3215 ostendere.

366 3233 423 3318 13)
453 3234 627 3303 Romanam
657 3234 819 3301 eoelesia'm
857 3256 926 3299 esse
960 3235 1101 3299 omnibus
1132 3237 1200 3297 eliis

152 3359 156 3370 ·
273 3319 487 3399 superiorem,
514 3321 662 3401 probetur
682 3340 721 3383 ex
742 3320 944 3401 frigidissimis
967 3321 1057 3383 Rom.
1079 3320 1200 3401 pontifi·

153 3437 157 3454 ·
274 3421 347 3463 oum
372 3401 513 3479 decretis,
534 3404 616 3465 intre
632 3403 873 3485 quadringentos
894 3422 993 3465 annos
1015 3404 1105 3483 natis,
1128 3422 1200 3465 eon·
1243 3419 1253 3446 Ι

274 3492 324 3547 tra
346 3470 428 3565 quie
449 3494 520 3549 sunt
540 3487 687 3551 historiae
708 3486 898 3568 approbatae
918 3487 1002 3547 mille
1025 3493 1056 3548 et
1076 3494 1199 3547 eentum

274 3588 445 3648 annorum,
479 3575 582 3631 textus
614 3572 784 3652 scripturae
815 3571 952 3651 divinae,
984 3577 1016 3633 et
1043 3570 1198 3641 decretum

273 3650 389 3713 blicani
411 3652 551 3733 Consilii,
568 3655 703 3717 omnium
725 3654 933 3733 sacratissimi.
1191 3651 1195 3659 “

276 3856 489 3867 ..μμ-...ηψ-

350 3956 385 4019 11
405 3956 433 4008 in
453 3954 494 4008 eu.
516 3956 596 4025 erop.
613 3954 694 4010 Lus.
714 3933 738 4009 ι’.
758 3954 843 4011 1538:
865 3954 960 4008 stulte
1026 3927 1030 3936 '

348 4026 383 4093 2)
405 4026 434 4080 ln
454 4026 496 4082 ed.
515 4024 597 4096 Prop.
619 4028 694 4081 luth.
716 4044 738 4081 n.
760 4026 844 4083 loos:
865 4026 1095 4093 Extrsrsgantss.
1150 4109 1153 4124 Ι

303 4214 398 4256 nunes
411 4224 462 4274 9⁹1³·
477 4216 505 4257 v.
519 4214 546 4255 s.
561 4214 589 4253 su
603 4214 643 4257 rer.
659 4213 710 4253 met.
726 4214 740 4252 r.
755 4223 777 4263 p.
791 4212 840 4252 ror.
854 4210 895 4249 111.
1012 4186 1032 4248 2
