<?xml version="1.0" encoding="UTF-8"?>
<!DOCTYPE html PUBLIC "-//W3C//DTD XHTML 1.0 Transitional//EN"
    "http://www.w3.org/TR/xhtml1/DTD/xhtml1-transitional.dtd">
<html xmlns="http://www.w3.org/1999/xhtml" xml:lang="en" lang="en">
 <head>
  <title>
</title>
<meta http-equiv="Content-Type" content="text/html;charset=utf-8" />
  <meta name='ocr-system' content='tesseract 3.04.00' />
  <meta name='ocr-capabilities' content='ocr_page ocr_carea ocr_par ocr_line ocrx_word'/>
</head>
<body>
  <div class='ocr_page' id='page_1' title='image "./operalatinavari02schmgoog_0048.png"; bbox 0 0 3075 4775; ppageno 0'>
   <div class='ocr_carea' id='block_1_1' title="bbox 319 532 1058 616">
    <p class='ocr_par' dir='ltr' id='par_1_1' title="bbox 319 532 1058 616">
     <span class='ocr_line' id='line_1_1' title="bbox 319 532 1058 616; baseline 0.001 -30"><span class='ocrx_word' id='word_1_1' title='bbox 319 532 363 598; x_wconf 88' lang='grc'>40</span> <span class='ocrx_word' id='word_1_2' title='bbox 502 606 508 616; x_wconf 73' lang='lat'>,</span> <span class='ocrx_word' id='word_1_3' title='bbox 530 535 685 602; x_wconf 72' lang='lat' dir='ltr'><strong>Disputatio</strong></span> <span class='ocrx_word' id='word_1_4' title='bbox 704 532 814 602; x_wconf 76' lang='lat' dir='ltr'>lipsiae</span> <span class='ocrx_word' id='word_1_5' title='bbox 833 533 929 588; x_wconf 73' lang='lat' dir='ltr'>habitu</span> <span class='ocrx_word' id='word_1_6' title='bbox 947 549 972 587; x_wconf 84' lang='lat' dir='ltr'>a.</span> <span class='ocrx_word' id='word_1_7' title='bbox 993 533 1058 587; x_wconf 82' lang='lat' dir='ltr'>XIX</span> 
     </span>
    </p>
   </div>
   <div class='ocr_carea' id='block_1_2' title="bbox 233 720 1244 1302">
    <p class='ocr_par' dir='ltr' id='par_1_2' title="bbox 233 720 1244 1302">
     <span class='ocr_line' id='line_1_2' title="bbox 316 720 1242 800; baseline -0.001 -17"><span class='ocrx_word' id='word_1_8' title='bbox 316 722 362 784; x_wconf 88' lang='lat' dir='ltr'>las</span> <span class='ocrx_word' id='word_1_9' title='bbox 391 723 422 784; x_wconf 91' lang='lat' dir='ltr'>in</span> <span class='ocrx_word' id='word_1_10' title='bbox 452 721 513 782; x_wconf 91' lang='lat' dir='ltr'>hoc</span> <span class='ocrx_word' id='word_1_11' title='bbox 534 726 617 784; x_wconf 89' lang='lat' dir='ltr'>totus</span> <span class='ocrx_word' id='word_1_12' title='bbox 639 727 701 800; x_wconf 88' lang='lat' dir='ltr'>est,</span> <span class='ocrx_word' id='word_1_13' title='bbox 734 727 767 782; x_wconf 87' lang='lat' dir='ltr'>ut</span> <span class='ocrx_word' id='word_1_14' title='bbox 795 727 915 782; x_wconf 86' lang='lat' dir='ltr'>asserat</span> <span class='ocrx_word' id='word_1_15' title='bbox 943 720 1069 782; x_wconf 82' lang='lat' dir='ltr'>cuilibet</span> <span class='ocrx_word' id='word_1_16' title='bbox 1088 720 1242 782; x_wconf 86' lang='lat' dir='ltr'>ecclesiae</span> 
     </span>
     <span class='ocr_line' id='line_1_3' title="bbox 317 803 1241 886; baseline -0.002 -20"><span class='ocrx_word' id='word_1_17' title='bbox 317 825 404 866; x_wconf 89' lang='lat' dir='ltr'>suum</span> <span class='ocrx_word' id='word_1_18' title='bbox 435 810 528 886; x_wconf 87' lang='lat' dir='ltr'>caput</span> <span class='ocrx_word' id='word_1_19' title='bbox 557 810 589 866; x_wconf 90' lang='lat' dir='ltr'>et</span> <span class='ocrx_word' id='word_1_20' title='bbox 622 824 710 866; x_wconf 88' lang='lat' dir='ltr'>suum</span> <span class='ocrx_word' id='word_1_21' title='bbox 740 806 938 886; x_wconf 87' lang='lat' dir='ltr'>episcopum,</span> <span class='ocrx_word' id='word_1_22' title='bbox 979 824 1036 886; x_wconf 90' lang='lat' dir='ltr'>per</span> <span class='ocrx_word' id='word_1_23' title='bbox 1063 803 1241 886; x_wconf 75' lang='lat' dir='ltr'>suffragium</span> 
     </span>
     <span class='ocr_line' id='line_1_4' title="bbox 316 887 1242 970; baseline 0 -20"><span class='ocrx_word' id='word_1_24' title='bbox 316 889 425 970; x_wconf 88' lang='lat' dir='ltr'>plebis,</span> <span class='ocrx_word' id='word_1_25' title='bbox 448 895 479 949; x_wconf 87' lang='lat' dir='ltr'>et</span> <span class='ocrx_word' id='word_1_26' title='bbox 499 887 643 950; x_wconf 86' lang='lat' dir='ltr'>iudicium</span> <span class='ocrx_word' id='word_1_27' title='bbox 663 889 835 950; x_wconf 91' lang='lat' dir='ltr'>vicinorum</span> <span class='ocrx_word' id='word_1_28' title='bbox 854 889 1073 969; x_wconf 87' lang='lat' dir='ltr'>episcoporum</span> <span class='ocrx_word' id='word_1_29' title='bbox 1095 887 1242 950; x_wconf 83' lang='lat' dir='ltr'>ordinari.</span> 
     </span>
     <span class='ocr_line' id='line_1_5' title="bbox 236 971 1244 1058; baseline -0.002 -24"><span class='ocrx_word' id='word_1_30' title='bbox 236 1046 244 1058; x_wconf 23' lang='grc' dir='ltr'><strong><em>θ</em></strong></span> <span class='ocrx_word' id='word_1_31' title='bbox 316 972 452 1051; x_wconf 84' lang='lat' dir='ltr'>Ideoque</span> <span class='ocrx_word' id='word_1_32' title='bbox 475 972 500 1032; x_wconf 91' lang='lat' dir='ltr'>si</span> <span class='ocrx_word' id='word_1_33' title='bbox 522 977 579 1048; x_wconf 90' lang='lat' dir='ltr'>est,</span> <span class='ocrx_word' id='word_1_34' title='bbox 601 978 635 1033; x_wconf 92' lang='lat' dir='ltr'>ut</span> <span class='ocrx_word' id='word_1_35' title='bbox 649 972 686 1035; x_wconf 84' lang='lat' dir='ltr'>D.</span> <span class='ocrx_word' id='word_1_36' title='bbox 709 972 746 1035; x_wconf 86' lang='lat' dir='ltr'>D.</span> <span class='ocrx_word' id='word_1_37' title='bbox 773 972 889 1052; x_wconf 83' lang='lat' dir='ltr'>allegat</span> <span class='ocrx_word' id='word_1_38' title='bbox 911 978 1020 1032; x_wconf 88' lang='lat' dir='ltr'>contra</span> <span class='ocrx_word' id='word_1_39' title='bbox 1039 971 1244 1047; x_wconf 81' lang='lat' dir='ltr'>Novatianos,</span> 
     </span>
     <span class='ocr_line' id='line_1_6' title="bbox 233 1053 1240 1131; baseline -0.002 -15"><span class='ocrx_word' id='word_1_40' title='bbox 233 1093 235 1098; x_wconf 93' lang='lat'>-</span> <span class='ocrx_word' id='word_1_41' title='bbox 317 1056 357 1116; x_wconf 87' lang='lat' dir='ltr'>de</span> <span class='ocrx_word' id='word_1_42' title='bbox 379 1055 525 1116; x_wconf 83' lang='lat' dir='ltr'>Cornelio</span> <span class='ocrx_word' id='word_1_43' title='bbox 547 1055 635 1131; x_wconf 88' lang='lat' dir='ltr'>dico,</span> <span class='ocrx_word' id='word_1_44' title='bbox 673 1058 790 1117; x_wconf 87' lang='lat' dir='ltr'>certum</span> <span class='ocrx_word' id='word_1_45' title='bbox 813 1061 861 1116; x_wconf 92' lang='lat' dir='ltr'>est</span> <span class='ocrx_word' id='word_1_46' title='bbox 882 1073 954 1116; x_wconf 89' lang='lat' dir='ltr'>eum</span> <span class='ocrx_word' id='word_1_47' title='bbox 973 1053 1109 1117; x_wconf 89' lang='lat' dir='ltr'>locutum</span> <span class='ocrx_word' id='word_1_48' title='bbox 1133 1054 1172 1115; x_wconf 90' lang='lat' dir='ltr'>de</span> <span class='ocrx_word' id='word_1_49' title='bbox 1193 1073 1240 1114; x_wconf 86' lang='lat' dir='ltr'>ca-</span> 
     </span>
     <span class='ocr_line' id='line_1_7' title="bbox 317 1137 1160 1220; baseline -0.002 -21"><span class='ocrx_word' id='word_1_50' title='bbox 317 1140 382 1220; x_wconf 88' lang='lat' dir='ltr'>pite</span> <span class='ocrx_word' id='word_1_51' title='bbox 404 1139 491 1199; x_wconf 84' lang='lat' dir='ltr'>Rom.</span> <span class='ocrx_word' id='word_1_52' title='bbox 515 1137 686 1218; x_wconf 74' lang='lat' dir='ltr'>Ecclesiae,</span> <span class='ocrx_word' id='word_1_53' title='bbox 709 1157 773 1199; x_wconf 91' lang='lat' dir='ltr'>non</span> <span class='ocrx_word' id='word_1_54' title='bbox 794 1139 977 1200; x_wconf 86' lang='lat' dir='ltr'>universalis</span> <span class='ocrx_word' id='word_1_55' title='bbox 999 1137 1160 1203; x_wconf 84' lang='lat' dir='ltr'>ccclesiae.</span> 
     </span>
     <span class='ocr_line' id='line_1_8' title="bbox 399 1218 1240 1302; baseline -0.004 -19"><span class='ocrx_word' id='word_1_56' title='bbox 399 1222 476 1283; x_wconf 86' lang='lat' dir='ltr'>item</span> <span class='ocrx_word' id='word_1_57' title='bbox 498 1228 529 1282; x_wconf 90' lang='lat' dir='ltr'>et</span> <span class='ocrx_word' id='word_1_58' title='bbox 556 1221 631 1282; x_wconf 94' lang='lat' dir='ltr'>illud</span> <span class='ocrx_word' id='word_1_59' title='bbox 654 1222 839 1301; x_wconf 80' lang='lat' dir='ltr'>confutavit,</span> <span class='ocrx_word' id='word_1_60' title='bbox 868 1222 952 1302; x_wconf 91' lang='lat' dir='ltr'>quod</span> <span class='ocrx_word' id='word_1_61' title='bbox 974 1221 1146 1302; x_wconf 79' lang='lat' dir='ltr'>Cyprianus</span> <span class='ocrx_word' id='word_1_62' title='bbox 1167 1218 1240 1280; x_wconf 80' lang='lat' dir='ltr'>Ocr-</span> 
     </span>
    </p>
   </div>
   <div class='ocr_carea' id='block_1_3' title="bbox 318 1296 1396 1470">
    <p class='ocr_par' dir='ltr' id='par_1_3' title="bbox 318 1296 1396 1470">
     <span class='ocr_line' id='line_1_9' title="bbox 318 1296 1396 1385; baseline -0.004 -20"><span class='ocrx_word' id='word_1_63' title='bbox 318 1305 433 1366; x_wconf 89' lang='lat' dir='ltr'>nelium</span> <span class='ocrx_word' id='word_1_64' title='bbox 455 1323 578 1385; x_wconf 81' lang='lat' dir='ltr'>semper</span> <span class='ocrx_word' id='word_1_65' title='bbox 599 1304 766 1384; x_wconf 91' lang='lat' dir='ltr'>compellat</span> <span class='ocrx_word' id='word_1_66' title='bbox 793 1305 933 1383; x_wconf 72' lang='lat' dir='ltr'>statem,</span> <span class='ocrx_word' id='word_1_67' title='bbox 960 1323 1115 1383; x_wconf 90' lang='lat' dir='ltr'>nunquam</span> <span class='ocrx_word' id='word_1_68' title='bbox 1139 1306 1240 1365; x_wconf 89' lang='lat' dir='ltr'>autem</span> <span class='ocrx_word' id='word_1_69' title='bbox 1316 1301 1335 1314; x_wconf 85' lang='lat'><strong><em>&#39;</em></strong></span> <span class='ocrx_word' id='word_1_70' title='bbox 1392 1296 1396 1307; x_wconf 88' lang='lat'>&#39;</span> 
     </span>
     <span class='ocr_line' id='line_1_10' title="bbox 318 1382 1344 1470; baseline -0.004 -22"><span class='ocrx_word' id='word_1_71' title='bbox 318 1387 492 1466; x_wconf 88' lang='lat' dir='ltr'>dominum,</span> <span class='ocrx_word' id='word_1_72' title='bbox 520 1393 553 1448; x_wconf 86' lang='lat' dir='ltr'>u&#39;t</span> <span class='ocrx_word' id='word_1_73' title='bbox 576 1405 657 1448; x_wconf 90' lang='lat' dir='ltr'>nunc</span> <span class='ocrx_word' id='word_1_74' title='bbox 679 1388 818 1470; x_wconf 81' lang='lat' dir='ltr'>episcopi</span> <span class='ocrx_word' id='word_1_75' title='bbox 838 1388 969 1468; x_wconf 85' lang='lat' dir='ltr'>iaciunt,</span> <span class='ocrx_word' id='word_1_76' title='bbox 991 1394 1143 1468; x_wconf 85' lang='lat' dir='ltr'>ponentes</span> <span class='ocrx_word' id='word_1_77' title='bbox 1164 1385 1241 1446; x_wconf 87' lang='lat' dir='ltr'>rela-</span> <span class='ocrx_word' id='word_1_78' title='bbox 1332 1382 1344 1406; x_wconf 82' lang='grc'><strong><em>’</em></strong></span> 
     </span>
    </p>
   </div>
   <div class='ocr_carea' id='block_1_4' title="bbox 318 1469 1322 1967">
    <p class='ocr_par' dir='ltr' id='par_1_4' title="bbox 318 1469 1322 1967">
     <span class='ocr_line' id='line_1_11' title="bbox 318 1469 1322 1549; baseline -0.005 -17"><span class='ocrx_word' id='word_1_79' title='bbox 318 1473 413 1533; x_wconf 90' lang='lat' dir='ltr'>tivum</span> <span class='ocrx_word' id='word_1_80' title='bbox 446 1472 512 1531; x_wconf 89' lang='lat' dir='ltr'>sine</span> <span class='ocrx_word' id='word_1_81' title='bbox 545 1470 738 1531; x_wconf 87' lang='lat' dir='ltr'>correlative.</span> <span class='ocrx_word' id='word_1_82' title='bbox 788 1469 926 1547; x_wconf 88' lang='lat' dir='ltr'>Obiecit,</span> <span class='ocrx_word' id='word_1_83' title='bbox 961 1470 1043 1549; x_wconf 92' lang='lat' dir='ltr'>quod</span> <span class='ocrx_word' id='word_1_84' title='bbox 1077 1476 1109 1531; x_wconf 87' lang='lat' dir='ltr'>et</span> <span class='ocrx_word' id='word_1_85' title='bbox 1133 1469 1242 1530; x_wconf 85' lang='lat' dir='ltr'>Petrus</span> <span class='ocrx_word' id='word_1_86' title='bbox 1314 1488 1322 1500; x_wconf 92' lang='lat'><strong>·</strong></span> 
     </span>
     <span class='ocr_line' id='line_1_12' title="bbox 318 1551 1241 1635; baseline -0.005 -20"><span class='ocrx_word' id='word_1_87' title='bbox 318 1553 480 1635; x_wconf 87' lang='lat' dir='ltr'>apostolos</span> <span class='ocrx_word' id='word_1_88' title='bbox 500 1551 643 1614; x_wconf 84' lang='lat' dir='ltr'>habuerit</span> <span class='ocrx_word' id='word_1_89' title='bbox 662 1553 790 1634; x_wconf 82' lang='lat' dir='ltr'>iratres,</span> <span class='ocrx_word' id='word_1_90' title='bbox 823 1561 855 1615; x_wconf 94' lang='lat' dir='ltr'>et</span> <span class='ocrx_word' id='word_1_91' title='bbox 882 1560 985 1615; x_wconf 82' lang='lat' dir='ltr'>tamen</span> <span class='ocrx_word' id='word_1_92' title='bbox 1009 1559 1154 1635; x_wconf 84' lang='lat' dir='ltr'>caputet</span> <span class='ocrx_word' id='word_1_93' title='bbox 1177 1571 1241 1612; x_wconf 89' lang='lat' dir='ltr'>ver·</span> 
     </span>
     <span class='ocr_line' id='line_1_13' title="bbox 319 1636 1242 1718; baseline -0.004 -20"><span class='ocrx_word' id='word_1_94' title='bbox 319 1643 373 1698; x_wconf 88' lang='lat' dir='ltr'>tex</span> <span class='ocrx_word' id='word_1_95' title='bbox 394 1636 609 1717; x_wconf 86' lang='lat' dir='ltr'>apostolorum</span> <span class='ocrx_word' id='word_1_96' title='bbox 630 1637 738 1714; x_wconf 86' lang='lat' dir='ltr'>fuerit,</span> <span class='ocrx_word' id='word_1_97' title='bbox 759 1637 847 1698; x_wconf 87' lang='lat' dir='ltr'>iuxta</span> <span class='ocrx_word' id='word_1_98' title='bbox 867 1637 1061 1718; x_wconf 84' lang='lat' dir='ltr'>Dionysium.</span> <span class='ocrx_word' id='word_1_99' title='bbox 1102 1637 1242 1716; x_wconf 84' lang='lat' dir='ltr'>Respon-</span> 
     </span>
     <span class='ocr_line' id='line_1_14' title="bbox 319 1718 1241 1801; baseline -0.003 -21"><span class='ocrx_word' id='word_1_100' title='bbox 319 1719 394 1781; x_wconf 91' lang='lat' dir='ltr'>deo:</span> <span class='ocrx_word' id='word_1_101' title='bbox 418 1719 470 1781; x_wconf 80' lang='lat' dir='ltr'>&#39;Si</span> <span class='ocrx_word' id='word_1_102' title='bbox 491 1721 606 1800; x_wconf 89' lang='lat' dir='ltr'>poterit</span> <span class='ocrx_word' id='word_1_103' title='bbox 627 1720 769 1800; x_wconf 83' lang='lat' dir='ltr'>egregius</span> <span class='ocrx_word' id='word_1_104' title='bbox 792 1720 830 1783; x_wconf 87' lang='grc' dir='ltr'>Ι).</span> <span class='ocrx_word' id='word_1_105' title='bbox 853 1720 890 1783; x_wconf 85' lang='lat' dir='ltr'>D.</span> <span class='ocrx_word' id='word_1_106' title='bbox 912 1719 1054 1801; x_wconf 86' lang='lat' dir='ltr'>probare,</span> <span class='ocrx_word' id='word_1_107' title='bbox 1082 1719 1165 1798; x_wconf 92' lang='lat' dir='ltr'>quod</span> <span class='ocrx_word' id='word_1_108' title='bbox 1187 1718 1241 1777; x_wconf 90' lang='lat' dir='ltr'>Pe·</span> 
     </span>
     <span class='ocr_line' id='line_1_15' title="bbox 318 1802 1241 1883; baseline -0.004 -19"><span class='ocrx_word' id='word_1_109' title='bbox 318 1809 381 1864; x_wconf 89' lang='lat' dir='ltr'>tms</span> <span class='ocrx_word' id='word_1_110' title='bbox 409 1821 544 1882; x_wconf 84' lang='lat' dir='ltr'>unquam</span> <span class='ocrx_word' id='word_1_111' title='bbox 573 1823 668 1862; x_wconf 90' lang='lat' dir='ltr'>uuum</span> <span class='ocrx_word' id='word_1_112' title='bbox 700 1802 914 1883; x_wconf 87' lang='lat' dir='ltr'>apostolorum</span> <span class='ocrx_word' id='word_1_113' title='bbox 943 1803 1143 1879; x_wconf 79' lang='lat' dir='ltr'>ordinaverit,</span> <span class='ocrx_word' id='word_1_114' title='bbox 1178 1802 1241 1861; x_wconf 91' lang='lat' dir='ltr'>imo</span> 
     </span>
     <span class='ocr_line' id='line_1_16' title="bbox 318 1885 1242 1967; baseline -0.001 -22"><span class='ocrx_word' id='word_1_115' title='bbox 318 1905 412 1946; x_wconf 92' lang='lat' dir='ltr'>unum</span> <span class='ocrx_word' id='word_1_116' title='bbox 435 1905 475 1946; x_wconf 87' lang='lat' dir='ltr'>ex</span> <span class='ocrx_word' id='word_1_117' title='bbox 502 1886 697 1967; x_wconf 85' lang='lat' dir='ltr'>septuaginta</span> <span class='ocrx_word' id='word_1_118' title='bbox 719 1885 894 1966; x_wconf 86' lang='lat' dir='ltr'>discipulis,</span> <span class='ocrx_word' id='word_1_119' title='bbox 924 1893 978 1948; x_wconf 89' lang='lat' dir='ltr'>aut</span> <span class='ocrx_word' id='word_1_120' title='bbox 1003 1885 1096 1946; x_wconf 83' lang='lat' dir='ltr'>ullum</span> <span class='ocrx_word' id='word_1_121' title='bbox 1120 1885 1242 1946; x_wconf 86' lang='lat' dir='ltr'>illorum</span> 
     </span>
    </p>
   </div>
   <div class='ocr_carea' id='block_1_5' title="bbox 227 1969 1242 2048">
    <p class='ocr_par' dir='ltr' id='par_1_5' title="bbox 227 1969 1242 2048">
     <span class='ocr_line' id='line_1_17' title="bbox 227 1969 1242 2048; baseline 0.001 -20"><span class='ocrx_word' id='word_1_122' title='bbox 227 2037 228 2040; x_wconf 8' lang='grc' dir='ltr'><strong>Ἴ</strong></span> <span class='ocrx_word' id='word_1_123' title='bbox 318 1987 452 2048; x_wconf 91' lang='lat' dir='ltr'>unquam</span> <span class='ocrx_word' id='word_1_124' title='bbox 476 1969 607 2048; x_wconf 85' lang='lat' dir='ltr'>miserit,</span> <span class='ocrx_word' id='word_1_125' title='bbox 630 1969 708 2030; x_wconf 91' lang='lat' dir='ltr'>cedo</span> <span class='ocrx_word' id='word_1_126' title='bbox 731 1970 853 2045; x_wconf 84' lang='lat' dir='ltr'>omnia,</span> <span class='ocrx_word' id='word_1_127' title='bbox 886 1976 918 2030; x_wconf 93' lang='lat' dir='ltr'>et</span> <span class='ocrx_word' id='word_1_128' title='bbox 943 1969 1017 2030; x_wconf 93' lang='lat' dir='ltr'>volo</span> <span class='ocrx_word' id='word_1_129' title='bbox 1041 1987 1110 2029; x_wconf 89' lang='lat' dir='ltr'>esse</span> <span class='ocrx_word' id='word_1_130' title='bbox 1132 1969 1242 2029; x_wconf 87' lang='lat' dir='ltr'>victus.</span> 
     </span>
    </p>
   </div>
   <div class='ocr_carea' id='block_1_6' title="bbox 314 2049 1269 2958">
    <p class='ocr_par' dir='ltr' id='par_1_6' title="bbox 320 2049 1244 2611">
     <span class='ocr_line' id='line_1_18' title="bbox 321 2049 1242 2132; baseline -0.003 -20"><span class='ocrx_word' id='word_1_131' title='bbox 321 2051 352 2112; x_wconf 85' lang='lat' dir='ltr'>Si</span> <span class='ocrx_word' id='word_1_132' title='bbox 375 2057 477 2126; x_wconf 78' lang='lat' dir='ltr'>autem</span> <span class='ocrx_word' id='word_1_133' title='bbox 501 2070 560 2132; x_wconf 84' lang='lat' dir='ltr'>ego</span> <span class='ocrx_word' id='word_1_134' title='bbox 583 2051 773 2132; x_wconf 79' lang='lat' dir='ltr'>probavero,</span> <span class='ocrx_word' id='word_1_135' title='bbox 809 2052 891 2130; x_wconf 92' lang='lat' dir='ltr'>quod</span> <span class='ocrx_word' id='word_1_136' title='bbox 920 2072 960 2113; x_wconf 90' lang='lat' dir='ltr'>ne</span> <span class='ocrx_word' id='word_1_137' title='bbox 988 2070 1096 2113; x_wconf 90' lang='lat' dir='ltr'>omnes</span> <span class='ocrx_word' id='word_1_138' title='bbox 1119 2049 1242 2130; x_wconf 92' lang='lat' dir='ltr'>quidem</span> 
     </span>
     <span class='ocr_line' id='line_1_19' title="bbox 321 2132 1244 2214; baseline -0.002 -20"><span class='ocrx_word' id='word_1_139' title='bbox 321 2135 456 2214; x_wconf 90' lang='lat' dir='ltr'>apostoli</span> <span class='ocrx_word' id='word_1_140' title='bbox 483 2136 640 2214; x_wconf 88' lang='lat' dir='ltr'>potuerint</span> <span class='ocrx_word' id='word_1_141' title='bbox 670 2154 763 2196; x_wconf 91' lang='lat' dir='ltr'>unum</span> <span class='ocrx_word' id='word_1_142' title='bbox 798 2134 1010 2214; x_wconf 86' lang='lat' dir='ltr'>apostolorum</span> <span class='ocrx_word' id='word_1_143' title='bbox 1046 2135 1166 2194; x_wconf 88' lang='lat' dir='ltr'>mittere</span> <span class='ocrx_word' id='word_1_144' title='bbox 1193 2132 1244 2192; x_wconf 86' lang='lat' dir='ltr'>vel</span> 
     </span>
     <span class='ocr_line' id='line_1_20' title="bbox 322 2216 1244 2298; baseline -0.002 -22"><span class='ocrx_word' id='word_1_145' title='bbox 322 2216 481 2298; x_wconf 88' lang='lat' dir='ltr'>ordinare,</span> <span class='ocrx_word' id='word_1_146' title='bbox 510 2236 604 2298; x_wconf 86' lang='lat' dir='ltr'>rogo,</span> <span class='ocrx_word' id='word_1_147' title='bbox 633 2217 786 2278; x_wconf 87' lang='lat' dir='ltr'>concedat</span> <span class='ocrx_word' id='word_1_148' title='bbox 810 2217 901 2295; x_wconf 83' lang='lat' dir='ltr'>mibi,</span> <span class='ocrx_word' id='word_1_149' title='bbox 935 2217 1026 2278; x_wconf 88' lang='lat' dir='ltr'>Petro</span> <span class='ocrx_word' id='word_1_150' title='bbox 1050 2216 1126 2276; x_wconf 89' lang='lat' dir='ltr'>nihil</span> <span class='ocrx_word' id='word_1_151' title='bbox 1148 2216 1244 2276; x_wconf 86' lang='lat' dir='ltr'>fuisse</span> 
     </span>
     <span class='ocr_line' id='line_1_21' title="bbox 320 2298 1242 2381; baseline -0.004 -19"><span class='ocrx_word' id='word_1_152' title='bbox 320 2301 483 2381; x_wconf 80' lang='lat' dir='ltr'>potestatis</span> <span class='ocrx_word' id='word_1_153' title='bbox 506 2319 599 2381; x_wconf 89' lang='lat' dir='ltr'>super</span> <span class='ocrx_word' id='word_1_154' title='bbox 626 2306 746 2362; x_wconf 86' lang='lat' dir='ltr'>ceteros</span> <span class='ocrx_word' id='word_1_155' title='bbox 778 2300 950 2381; x_wconf 82' lang='lat' dir='ltr'>apostolos.</span> <span class='ocrx_word' id='word_1_156' title='bbox 993 2298 1062 2374; x_wconf 75' lang='lat' dir='ltr'>Quo</span> <span class='ocrx_word' id='word_1_157' title='bbox 1096 2300 1242 2378; x_wconf 89' lang='lat' dir='ltr'>sequitur,</span> 
     </span>
     <span class='ocr_line' id='line_1_22' title="bbox 322 2383 1244 2465; baseline 0 -22"><span class='ocrx_word' id='word_1_158' title='bbox 322 2383 418 2445; x_wconf 90' lang='lat' dir='ltr'>multo</span> <span class='ocrx_word' id='word_1_159' title='bbox 452 2384 552 2445; x_wconf 92' lang='lat' dir='ltr'>minus</span> <span class='ocrx_word' id='word_1_160' title='bbox 587 2384 749 2464; x_wconf 85' lang='lat' dir='ltr'>potestatis</span> <span class='ocrx_word' id='word_1_161' title='bbox 788 2403 858 2444; x_wconf 88' lang='lat' dir='ltr'>esse</span> <span class='ocrx_word' id='word_1_162' title='bbox 892 2383 1041 2465; x_wconf 88' lang='lat' dir='ltr'>episcopo</span> <span class='ocrx_word' id='word_1_163' title='bbox 1070 2383 1244 2443; x_wconf 89' lang='lat' dir='ltr'>successori</span> 
     </span>
     <span class='ocr_line' id='line_1_23' title="bbox 320 2468 1242 2548; baseline 0 -22"><span class='ocrx_word' id='word_1_164' title='bbox 320 2468 412 2528; x_wconf 87' lang='lat' dir='ltr'>Petro</span> <span class='ocrx_word' id='word_1_165' title='bbox 435 2486 528 2547; x_wconf 90' lang='lat' dir='ltr'>super</span> <span class='ocrx_word' id='word_1_166' title='bbox 550 2468 734 2548; x_wconf 83' lang='lat' dir='ltr'>episcopos,</span> <span class='ocrx_word' id='word_1_167' title='bbox 764 2485 961 2528; x_wconf 90' lang='lat' dir='ltr'>successores</span> <span class='ocrx_word' id='word_1_168' title='bbox 974 2473 1146 2528; x_wconf 88' lang='lat' dir='ltr'>ceterorum</span> <span class='ocrx_word' id='word_1_169' title='bbox 1168 2484 1242 2546; x_wconf 91' lang='lat' dir='ltr'>apo·</span> 
     </span>
     <span class='ocr_line' id='line_1_24' title="bbox 320 2550 480 2611; baseline 0.006 -2"><span class='ocrx_word' id='word_1_170' title='bbox 320 2550 480 2611; x_wconf 86' lang='lat' dir='ltr'>stolorum.</span> 
     </span>
    </p>

    <p class='ocr_par' dir='ltr' id='par_1_7' title="bbox 314 2631 1269 2958">
     <span class='ocr_line' id='line_1_25' title="bbox 402 2631 1243 2712; baseline -0.002 -19"><span class='ocrx_word' id='word_1_171' title='bbox 402 2631 491 2693; x_wconf 88' lang='lat' dir='ltr'>Nunc</span> <span class='ocrx_word' id='word_1_172' title='bbox 508 2637 610 2692; x_wconf 86' lang='lat' dir='ltr'>autem</span> <span class='ocrx_word' id='word_1_173' title='bbox 633 2632 820 2692; x_wconf 89' lang='lat' dir='ltr'>clarissimus</span> <span class='ocrx_word' id='word_1_174' title='bbox 835 2637 938 2692; x_wconf 88' lang='lat' dir='ltr'>textus</span> <span class='ocrx_word' id='word_1_175' title='bbox 950 2639 1019 2710; x_wconf 81' lang='lat' dir='ltr'>est,</span> <span class='ocrx_word' id='word_1_176' title='bbox 1042 2632 1110 2693; x_wconf 82' lang='lat' dir='ltr'>Act.</span> <span class='ocrx_word' id='word_1_177' title='bbox 1131 2632 1243 2712; x_wconf 88' lang='lat' dir='ltr'>primo,</span> 
     </span>
     <span class='ocr_line' id='line_1_26' title="bbox 314 2713 1242 2795; baseline 0.004 -24"><span class='ocrx_word' id='word_1_178' title='bbox 314 2714 408 2792; x_wconf 72' lang='lat' dir='ltr'>‚quod</span> <span class='ocrx_word' id='word_1_179' title='bbox 424 2714 568 2776; x_wconf 87' lang='lat' dir='ltr'>Matthias</span> <span class='ocrx_word' id='word_1_180' title='bbox 591 2714 751 2794; x_wconf 85' lang='lat' dir='ltr'>apostolus</span> <span class='ocrx_word' id='word_1_181' title='bbox 774 2713 813 2776; x_wconf 90' lang='lat' dir='ltr'>ab</span> <span class='ocrx_word' id='word_1_182' title='bbox 834 2716 980 2776; x_wconf 86' lang='lat' dir='ltr'>universo</span> <span class='ocrx_word' id='word_1_183' title='bbox 1003 2720 1095 2776; x_wconf 87' lang='lat' dir='ltr'>coetu</span> <span class='ocrx_word' id='word_1_184' title='bbox 1117 2721 1242 2795; x_wconf 90' lang='lat' dir='ltr'>aposto·</span> 
     </span>
     <span class='ocr_line' id='line_1_27' title="bbox 321 2795 1244 2878; baseline 0 -22"><span class='ocrx_word' id='word_1_185' title='bbox 321 2796 419 2859; x_wconf 90' lang='lat' dir='ltr'>lorum</span> <span class='ocrx_word' id='word_1_186' title='bbox 449 2804 480 2858; x_wconf 91' lang='lat' dir='ltr'>et</span> <span class='ocrx_word' id='word_1_187' title='bbox 502 2797 720 2878; x_wconf 90' lang='lat' dir='ltr'>discipulorum</span> <span class='ocrx_word' id='word_1_188' title='bbox 743 2796 879 2859; x_wconf 89' lang='lat' dir='ltr'>ordinari</span> <span class='ocrx_word' id='word_1_189' title='bbox 901 2816 963 2859; x_wconf 90' lang='lat' dir='ltr'>non</span> <span class='ocrx_word' id='word_1_190' title='bbox 986 2799 1103 2877; x_wconf 90' lang='lat' dir='ltr'>potuit,</span> <span class='ocrx_word' id='word_1_191' title='bbox 1125 2795 1181 2857; x_wconf 90' lang='lat' dir='ltr'>sed</span> <span class='ocrx_word' id='word_1_192' title='bbox 1203 2796 1244 2857; x_wconf 91' lang='lat' dir='ltr'>de</span> 
     </span>
     <span class='ocr_line' id='line_1_28' title="bbox 321 2879 1269 2958; baseline 0 -19"><span class='ocrx_word' id='word_1_193' title='bbox 321 2881 431 2958; x_wconf 86' lang='lat' dir='ltr'>coelo,</span> <span class='ocrx_word' id='word_1_194' title='bbox 458 2882 537 2941; x_wconf 92' lang='lat' dir='ltr'>sicut</span> <span class='ocrx_word' id='word_1_195' title='bbox 559 2888 590 2942; x_wconf 90' lang='lat' dir='ltr'>et</span> <span class='ocrx_word' id='word_1_196' title='bbox 618 2881 711 2941; x_wconf 89' lang='lat' dir='ltr'>ceteri</span> <span class='ocrx_word' id='word_1_197' title='bbox 734 2899 862 2958; x_wconf 89' lang='lat' dir='ltr'>omnes,</span> <span class='ocrx_word' id='word_1_198' title='bbox 889 2880 1006 2941; x_wconf 90' lang='lat' dir='ltr'>electus</span> <span class='ocrx_word' id='word_1_199' title='bbox 1030 2887 1062 2941; x_wconf 92' lang='lat' dir='ltr'>et</span> <span class='ocrx_word' id='word_1_200' title='bbox 1083 2879 1269 2941; x_wconf 83' lang='lat' dir='ltr'>ordinatus·</span> 
     </span>
    </p>
   </div>
   <div class='ocr_carea' id='block_1_7' title="bbox 234 2962 1244 3043">
    <p class='ocr_par' dir='ltr' id='par_1_8' title="bbox 234 2962 1244 3043">
     <span class='ocr_line' id='line_1_29' title="bbox 234 2962 1244 3043; baseline 0 -20"><span class='ocrx_word' id='word_1_201' title='bbox 234 2970 237 2974; x_wconf 87' lang='grc'><strong>’</strong></span> <span class='ocrx_word' id='word_1_202' title='bbox 320 2971 368 3025; x_wconf 89' lang='lat' dir='ltr'>est</span> <span class='ocrx_word' id='word_1_203' title='bbox 395 2984 414 3025; x_wconf 98' lang='lat' dir='ltr'>a</span> <span class='ocrx_word' id='word_1_204' title='bbox 439 2964 577 3043; x_wconf 83' lang='lat' dir='ltr'>Christo,</span> <span class='ocrx_word' id='word_1_205' title='bbox 605 2965 649 3023; x_wconf 90' lang='lat' dir='ltr'>ita</span> <span class='ocrx_word' id='word_1_206' title='bbox 679 2969 710 3023; x_wconf 89' lang='lat' dir='ltr'>et</span> <span class='ocrx_word' id='word_1_207' title='bbox 731 2964 833 3043; x_wconf 87' lang='lat' dir='ltr'>capite</span> <span class='ocrx_word' id='word_1_208' title='bbox 856 2964 904 3027; x_wconf 87' lang='lat'>13.</span> <span class='ocrx_word' id='word_1_209' title='bbox 933 2962 1058 3041; x_wconf 70' lang='lat' dir='ltr'>Saulus.</span> <span class='ocrx_word' id='word_1_210' title='bbox 1079 2970 1110 3024; x_wconf 92' lang='lat' dir='ltr'>et</span> <span class='ocrx_word' id='word_1_211' title='bbox 1130 2963 1244 3023; x_wconf 87' lang='lat' dir='ltr'>Barna·</span> 
     </span>
    </p>
   </div>
   <div class='ocr_carea' id='block_1_8' title="bbox 318 3041 1264 4122">
    <p class='ocr_par' dir='ltr' id='par_1_9' title="bbox 318 3041 1264 4035">
     <span class='ocr_line' id='line_1_30' title="bbox 319 3041 1243 3127; baseline -0.002 -20"><span class='ocrx_word' id='word_1_212' title='bbox 319 3046 375 3107; x_wconf 91' lang='lat' dir='ltr'>bas</span> <span class='ocrx_word' id='word_1_213' title='bbox 408 3052 592 3127; x_wconf 84' lang='lat' dir='ltr'>segregante</span> <span class='ocrx_word' id='word_1_214' title='bbox 625 3041 739 3126; x_wconf 80' lang='lat' dir='ltr'>Spiritu</span> <span class='ocrx_word' id='word_1_215' title='bbox 785 3050 894 3107; x_wconf 91' lang='lat' dir='ltr'>sancto</span> <span class='ocrx_word' id='word_1_216' title='bbox 929 3048 1080 3126; x_wconf 88' lang='lat' dir='ltr'>assumpti</span> <span class='ocrx_word' id='word_1_217' title='bbox 1115 3045 1177 3107; x_wconf 87' lang='lat' dir='ltr'>sint</span> <span class='ocrx_word' id='word_1_218' title='bbox 1210 3046 1243 3106; x_wconf 93' lang='lat' dir='ltr'>in</span> 
     </span>
     <span class='ocr_line' id='line_1_31' title="bbox 320 3128 1242 3210; baseline 0 -21"><span class='ocrx_word' id='word_1_219' title='bbox 320 3147 407 3209; x_wconf 83' lang='lat' dir='ltr'>opus.</span> <span class='ocrx_word' id='word_1_220' title='bbox 450 3129 544 3191; x_wconf 81' lang='lat' dir='ltr'>Error</span> <span class='ocrx_word' id='word_1_221' title='bbox 572 3147 646 3209; x_wconf 85' lang='lat' dir='ltr'>ergo</span> <span class='ocrx_word' id='word_1_222' title='bbox 680 3134 727 3189; x_wconf 89' lang='lat' dir='ltr'>est</span> <span class='ocrx_word' id='word_1_223' title='bbox 758 3129 987 3210; x_wconf 87' lang='lat' dir='ltr'>apertissimus,</span> <span class='ocrx_word' id='word_1_224' title='bbox 1024 3128 1108 3207; x_wconf 88' lang='lat' dir='ltr'>quod</span> <span class='ocrx_word' id='word_1_225' title='bbox 1135 3129 1242 3189; x_wconf 83' lang='lat' dir='ltr'>Petrus</span> 
     </span>
     <span class='ocr_line' id='line_1_32' title="bbox 319 3209 1241 3292; baseline 0.002 -23"><span class='ocrx_word' id='word_1_226' title='bbox 319 3209 459 3272; x_wconf 87' lang='lat' dir='ltr'>habuerit</span> <span class='ocrx_word' id='word_1_227' title='bbox 475 3210 661 3292; x_wconf 88' lang='lat' dir='ltr'>potestatem</span> <span class='ocrx_word' id='word_1_228' title='bbox 684 3230 777 3290; x_wconf 91' lang='lat' dir='ltr'>super</span> <span class='ocrx_word' id='word_1_229' title='bbox 797 3212 968 3291; x_wconf 89' lang='lat' dir='ltr'>apostolos.</span> <span class='ocrx_word' id='word_1_230' title='bbox 1011 3211 1081 3273; x_wconf 87' lang='lat' dir='ltr'>Hoc</span> <span class='ocrx_word' id='word_1_231' title='bbox 1102 3214 1178 3272; x_wconf 79' lang='lat' dir='ltr'>sane</span> <span class='ocrx_word' id='word_1_232' title='bbox 1199 3212 1241 3271; x_wconf 90' lang='lat' dir='ltr'>fa·</span> 
     </span>
     <span class='ocr_line' id='line_1_33' title="bbox 319 3294 1242 3376; baseline 0.002 -23"><span class='ocrx_word' id='word_1_233' title='bbox 319 3299 403 3371; x_wconf 91' lang='lat' dir='ltr'>teor,</span> <span class='ocrx_word' id='word_1_234' title='bbox 438 3294 613 3373; x_wconf 85' lang='lat' dir='ltr'>apostolum</span> <span class='ocrx_word' id='word_1_235' title='bbox 636 3294 758 3355; x_wconf 87' lang='lat' dir='ltr'>Petrum</span> <span class='ocrx_word' id='word_1_236' title='bbox 787 3294 882 3356; x_wconf 88' lang='lat' dir='ltr'>fuisse</span> <span class='ocrx_word' id='word_1_237' title='bbox 902 3295 1034 3376; x_wconf 87' lang='lat' dir='ltr'>primum</span> <span class='ocrx_word' id='word_1_238' title='bbox 1061 3296 1092 3355; x_wconf 93' lang='lat' dir='ltr'>in</span> <span class='ocrx_word' id='word_1_239' title='bbox 1114 3313 1242 3355; x_wconf 86' lang='lat' dir='ltr'>numero</span> 
     </span>
     <span class='ocr_line' id='line_1_34' title="bbox 319 3375 1264 3458; baseline 0.001 -23"><span class='ocrx_word' id='word_1_240' title='bbox 319 3375 549 3455; x_wconf 89' lang='lat' dir='ltr'>apostolorum,</span> <span class='ocrx_word' id='word_1_241' title='bbox 584 3383 615 3437; x_wconf 88' lang='lat' dir='ltr'>et</span> <span class='ocrx_word' id='word_1_242' title='bbox 642 3378 669 3437; x_wconf 89' lang='lat' dir='ltr'>ei</span> <span class='ocrx_word' id='word_1_243' title='bbox 700 3375 806 3439; x_wconf 88' lang='lat' dir='ltr'>deberi</span> <span class='ocrx_word' id='word_1_244' title='bbox 820 3377 961 3440; x_wconf 73' lang='lat' dir='ltr'>‘honoris</span> <span class='ocrx_word' id='word_1_245' title='bbox 983 3378 1264 3458; x_wconf 76' lang='lat' dir='ltr'>praerogativam,-</span> 
     </span>
     <span class='ocr_line' id='line_1_35' title="bbox 319 3457 1242 3541; baseline 0.003 -24"><span class='ocrx_word' id='word_1_246' title='bbox 319 3457 374 3519; x_wconf 90' lang='lat' dir='ltr'>sed</span> <span class='ocrx_word' id='word_1_247' title='bbox 396 3476 460 3518; x_wconf 89' lang='lat' dir='ltr'>non</span> <span class='ocrx_word' id='word_1_248' title='bbox 481 3460 655 3539; x_wconf 87' lang='lat' dir='ltr'>potestatis,</span> <span class='ocrx_word' id='word_1_249' title='bbox 679 3460 850 3539; x_wconf 81' lang='lat' dir='ltr'>aequaliter</span> <span class='ocrx_word' id='word_1_250' title='bbox 870 3461 961 3521; x_wconf 90' lang='lat' dir='ltr'>electi</span> <span class='ocrx_word' id='word_1_251' title='bbox 982 3468 1062 3538; x_wconf 87' lang='lat' dir='ltr'>sunt,</span> <span class='ocrx_word' id='word_1_252' title='bbox 1086 3468 1116 3521; x_wconf 90' lang='lat' dir='ltr'>et</span> <span class='ocrx_word' id='word_1_253' title='bbox 1128 3479 1242 3541; x_wconf 89' lang='lat' dir='ltr'>aequa·</span> 
     </span>
     <span class='ocr_line' id='line_1_36' title="bbox 319 3540 1242 3625; baseline 0.004 -26"><span class='ocrx_word' id='word_1_254' title='bbox 319 3540 379 3618; x_wconf 87' lang='lat' dir='ltr'>lem</span> <span class='ocrx_word' id='word_1_255' title='bbox 413 3546 600 3621; x_wconf 86' lang='lat' dir='ltr'>potestatem</span> <span class='ocrx_word' id='word_1_256' title='bbox 622 3549 818 3625; x_wconf 89' lang='lat' dir='ltr'>acceperunt.</span> <span class='ocrx_word' id='word_1_257' title='bbox 859 3543 907 3604; x_wconf 88' lang='lat' dir='ltr'>lta</span> <span class='ocrx_word' id='word_1_258' title='bbox 929 3550 959 3605; x_wconf 90' lang='lat' dir='ltr'>et</span> <span class='ocrx_word' id='word_1_259' title='bbox 981 3542 1020 3604; x_wconf 90' lang='lat' dir='ltr'>de</span> <span class='ocrx_word' id='word_1_260' title='bbox 1040 3542 1131 3617; x_wconf 72' lang='lat' dir='ltr'>Rom,</span> <span class='ocrx_word' id='word_1_261' title='bbox 1163 3543 1242 3604; x_wconf 90' lang='lat' dir='ltr'>Pon-</span> 
     </span>
     <span class='ocr_line' id='line_1_37' title="bbox 318 3622 1242 3707; baseline 0.002 -24"><span class='ocrx_word' id='word_1_262' title='bbox 318 3622 401 3685; x_wconf 84' lang='lat' dir='ltr'>tifice</span> <span class='ocrx_word' id='word_1_263' title='bbox 424 3625 541 3703; x_wconf 87' lang='lat' dir='ltr'>sentio,</span> <span class='ocrx_word' id='word_1_264' title='bbox 564 3624 645 3704; x_wconf 92' lang='lat' dir='ltr'>quod</span> <span class='ocrx_word' id='word_1_265' title='bbox 668 3624 795 3686; x_wconf 88' lang='lat' dir='ltr'>honoris</span> <span class='ocrx_word' id='word_1_266' title='bbox 818 3628 1035 3707; x_wconf 82' lang='lat' dir='ltr'>praerogetiva</span> <span class='ocrx_word' id='word_1_267' title='bbox 1057 3628 1169 3687; x_wconf 84' lang='lat' dir='ltr'>ceteris</span> <span class='ocrx_word' id='word_1_268' title='bbox 1191 3624 1242 3686; x_wconf 88' lang='lat' dir='ltr'>de-</span> 
     </span>
     <span class='ocr_line' id='line_1_38' title="bbox 319 3705 1243 3789; baseline 0.006 -24"><span class='ocrx_word' id='word_1_269' title='bbox 319 3705 391 3767; x_wconf 91' lang='lat' dir='ltr'>beat</span> <span class='ocrx_word' id='word_1_270' title='bbox 411 3707 571 3785; x_wconf 82' lang='lat' dir='ltr'>anteferri,</span> <span class='ocrx_word' id='word_1_271' title='bbox 593 3708 680 3769; x_wconf 90' lang='lat' dir='ltr'>salva</span> <span class='ocrx_word' id='word_1_272' title='bbox 700 3710 848 3787; x_wconf 91' lang='lat' dir='ltr'>cuiusque</span> <span class='ocrx_word' id='word_1_273' title='bbox 869 3710 992 3789; x_wconf 88' lang='lat' dir='ltr'>aequali</span> <span class='ocrx_word' id='word_1_274' title='bbox 1013 3710 1186 3789; x_wconf 81' lang='lat' dir='ltr'>potestate,</span> <span class='ocrx_word' id='word_1_275' title='bbox 1210 3716 1243 3771; x_wconf 86' lang='lat' dir='ltr'>et</span> 
     </span>
     <span class='ocr_line' id='line_1_39' title="bbox 319 3788 1242 3871; baseline 0.005 -23"><span class='ocrx_word' id='word_1_276' title='bbox 319 3808 380 3849; x_wconf 93' lang='lat' dir='ltr'>non</span> <span class='ocrx_word' id='word_1_277' title='bbox 403 3790 482 3852; x_wconf 92' lang='lat' dir='ltr'>sicut</span> <span class='ocrx_word' id='word_1_278' title='bbox 502 3788 644 3871; x_wconf 87' lang='lat' dir='ltr'>Pelagius</span> <span class='ocrx_word' id='word_1_279' title='bbox 676 3792 709 3851; x_wconf 93' lang='lat' dir='ltr'>in</span> <span class='ocrx_word' id='word_1_280' title='bbox 734 3789 932 3871; x_wconf 80' lang='lat' dir='ltr'>frigidissimo</span> <span class='ocrx_word' id='word_1_281' title='bbox 966 3811 1023 3853; x_wconf 93' lang='lat' dir='ltr'>suo</span> <span class='ocrx_word' id='word_1_282' title='bbox 1053 3791 1180 3853; x_wconf 87' lang='lat' dir='ltr'>decreto</span> <span class='ocrx_word' id='word_1_283' title='bbox 1196 3792 1242 3853; x_wconf 90' lang='lat' dir='ltr'>in-</span> 
     </span>
     <span class='ocr_line' id='line_1_40' title="bbox 318 3872 1243 3955; baseline 0.005 -24"><span class='ocrx_word' id='word_1_284' title='bbox 318 3872 390 3932; x_wconf 89' lang='lat' dir='ltr'>fert:</span> <span class='ocrx_word' id='word_1_285' title='bbox 433 3872 493 3934; x_wconf 92' lang='lat' dir='ltr'>Ubi</span> <span class='ocrx_word' id='word_1_286' title='bbox 521 3873 618 3933; x_wconf 90' lang='lat' dir='ltr'>maior</span> <span class='ocrx_word' id='word_1_287' title='bbox 647 3875 814 3953; x_wconf 86' lang='lat' dir='ltr'>autoritas,</span> <span class='ocrx_word' id='word_1_288' title='bbox 834 3873 879 3936; x_wconf 92' lang='lat' dir='ltr'>ibi</span> <span class='ocrx_word' id='word_1_289' title='bbox 902 3876 1002 3936; x_wconf 86' lang='lat' dir='ltr'>maior</span> <span class='ocrx_word' id='word_1_290' title='bbox 1023 3880 1182 3955; x_wconf 81' lang='lat' dir='ltr'>potestas,</span> <span class='ocrx_word' id='word_1_291' title='bbox 1210 3880 1243 3936; x_wconf 91' lang='lat' dir='ltr'>et</span> 
     </span>
     <span class='ocr_line' id='line_1_41' title="bbox 320 3955 982 4035; baseline 0.009 -21"><span class='ocrx_word' id='word_1_292' title='bbox 320 3961 424 4016; x_wconf 89' lang='lat' dir='ltr'>manet</span> <span class='ocrx_word' id='word_1_293' title='bbox 445 3962 565 4020; x_wconf 83' lang='lat' dir='ltr'>ceteros</span> <span class='ocrx_word' id='word_1_294' title='bbox 589 3955 782 4035; x_wconf 90' lang='lat' dir='ltr'>obsequendi</span> <span class='ocrx_word' id='word_1_295' title='bbox 801 3959 982 4020; x_wconf 89' lang='lat' dir='ltr'>necessitas.</span> 
     </span>
    </p>

    <p class='ocr_par' dir='ltr' id='par_1_10' title="bbox 402 4038 1242 4122">
     <span class='ocr_line' id='line_1_42' title="bbox 402 4038 1242 4122; baseline 0.005 -22"><span class='ocrx_word' id='word_1_296' title='bbox 402 4038 452 4101; x_wconf 87' lang='lat' dir='ltr'>Ad</span> <span class='ocrx_word' id='word_1_297' title='bbox 474 4041 631 4121; x_wconf 85' lang='lat' dir='ltr'>quintam,</span> <span class='ocrx_word' id='word_1_298' title='bbox 665 4038 718 4101; x_wconf 91' lang='lat' dir='ltr'>ubi</span> <span class='ocrx_word' id='word_1_299' title='bbox 745 4039 932 4103; x_wconf 85' lang='lat' dir='ltr'>electionem</span> <span class='ocrx_word' id='word_1_300' title='bbox 960 4040 1100 4122; x_wconf 88' lang='lat' dir='ltr'>episcopi</span> <span class='ocrx_word' id='word_1_301' title='bbox 1122 4059 1163 4103; x_wconf 87' lang='lat' dir='ltr'>ex</span> <span class='ocrx_word' id='word_1_302' title='bbox 1183 4038 1242 4122; x_wconf 76' lang='lat' dir='ltr'>(ly-</span> 
     </span>
    </p>
   </div>
   <div class='ocr_carea' id='block_1_9' title="bbox 0 0 1543 4775">
    <p class='ocr_par' dir='ltr' id='par_1_11' title="bbox 0 0 1543 4775">
     <span class='ocr_line' id='line_1_43' title="bbox 0 0 1543 4775; baseline 0 0"><span class='ocrx_word' id='word_1_303' title='bbox 0 0 1543 4775; x_wconf 95' lang='lat' dir='ltr'> </span> 
     </span>
    </p>
   </div>
  </div>
 </body>
</html>
