3075 4775
531 572 602 630 xm.
621 572 656 627 dc
673 579 810 643 potestate
828 574 929 643 Papae.
1118 568 1179 637 361

261 758 455 840 distinguens
477 760 557 819 Inter
583 759 639 821 has
666 778 741 821 oves
769 766 801 821 et
831 761 921 839 alias,
952 766 988 820 at
1009 761 1183 821 alienuma

227 846 232 857 ‘
261 862 316 903 suo
342 842 416 903 ovili
445 842 684 920 demonstraret,
715 845 766 923 qui
789 844 910 903 Petrum
935 852 966 904 et
987 849 1182 904 successores

262 927 357 1005 ipsius
380 928 545 1007 magistros
567 945 629 986 non
652 934 893 1007 recognosceret
914 935 946 1011 et
966 934 1116 1006 pastores.

342 1008 412 1069 Hoc
440 1028 515 1069 sane
537 1012 745 1070 necessarium
768 1018 834 1070 crat
855 1009 978 1086 addere,
1004 1028 1063 1087 quo
1088 1009 1182 1071 ambi-

263 1093 305 1151 tio
328 1100 436 1171 aperte
459 1092 682 1153 ostenderetur.
725 1091 924 1167 Quisautenr
947 1093 1027 1152 hanc
1047 1092 1183 1172 glossam

262 1175 417 1255 accipiet?
440 1195 501 1254 qno
523 1194 619 1236 nervo
644 1174 831 1237 firmabitur?
859 1175 981 1256 qrrando
1005 1174 1097 1249 dicis,
1120 1194 1182 1235 non

263 1257 454 1337 distinguens
484 1260 565 1318 mter
595 1259 651 1317 has
682 1265 713 1318 et
739 1260 831 1319 alias:
861 1260 953 1320 Cuius
977 1278 1051 1319 oves
1072 1258 1185 1319 Paulus

262 1340 412 1419 pascebat
432 1349 462 1401 et
485 1342 537 1401 alii
559 1342 716 1422 apostoli?
738 1342 829 1402 suas?
852 1341 913 1402 Cur
934 1361 996 1401 non
1016 1343 1119 1421 potius
1142 1340 1184 1401 di-

265 1423 409 1497 cendam,
434 1423 516 1501 quod
541 1444 602 1485 non
626 1424 799 1485 distinxerit
819 1427 898 1486 inter
912 1426 1033 1485 Petrum
1057 1433 1088 1484 et
1108 1424 1186 1483 alios

265 1514 420 1585 pastores,
442 1526 510 1567 cum
524 1507 715 1589 Impossibile
736 1508 836 1587 fuerit,
858 1507 896 1568 ab
919 1526 980 1568 uno
993 1507 1084 1567 Petro
1101 1514 1189 1586 pasot

263 1608 381 1649 omnes.
426 1589 477 1651 Sin
508 1610 563 1669 per
588 1591 680 1650 alium
704 1598 808 1671 potest
829 1610 974 1671 pascere,
1003 1590 1074 1669 quid
1096 1590 1185 1650 reteri

162 1717 163 1722 1
262 1678 292 1731 et·
323 1691 400 1731 oves
429 1692 522 1752 posse
551 1694 606 1754 per
632 1674 724 1734 alium
753 1675 881 1736 audire?
922 1673 981 1735 Ubi
1005 1680 1078 1733 tunc
1099 1680 1187 1733 erant

162 1755 163 1780 ³
266 1765 326 1814 tam
350 1761 458 1833 pastor
479 1775 569 1835 quarn
593 1757 690 1817 oves?
733 1758 854 1818 Siccine
883 1757 1008 1817 verbnm
1035 1757 1093 1816 Dei
1115 1756 1188 1816 licet

261 1837 394 1896 ludere?

346 1918 410 1983 Cur
431 1928 550 2001 autem,
574 1924 625 2001 qui
646 1923 707 1983 hoc
729 1923 865 1998 verbum,
888 1940 999 2001 pasce,
1021 1921 1059 1983 ad
1083 1940 1116 1981 se
1139 1940 1187 1981 so·

264 2004 309 2063 los
331 2005 487 2083 pertinere
509 2013 632 2085 putant,
654 2026 716 2065 non
740 2014 813 2066 eant
835 2007 866 2065 in
888 2004 1026 2066 Turoas?
1047 2007 1109 2065 imo
1134 2024 1187 2065 cnr

264 2107 324 2147 non
350 2088 379 2145 in
404 2086 560 2147 Bohemos
583 2088 715 2148 saltem?
737 2090 863 2164 Verum,
886 2087 957 2167 quid
979 2087 1184 2148 hoolaboro?

161 2219 162 2246 ,
262 2168 321 2228 Cur
345 2189 408 2229 non
432 2172 517 2249 pavit
542 2170 594 2230 hic
618 2172 774 2232 Paschalis
797 2173 878 2232 hunc
900 2170 1137 2240 decretalistam,
1153 2180 1189 2237 ,et

262 2272 349 2313 suam
383 2254 516 2331 curiam,
552 2262 584 2313 ut
617 2254 710 2315 verba
735 2255 846 2315 Christi
882 2262 965 2315 recte
992 2253 1188 2334 Intelligeret,

262 2355 317 2415 pro
344 2336 465 2396 animae
488 2336 568 2414 cibo,
591 2344 622 2397 et
643 2356 706 2399 non
730 2346 792 2398 tam
811 2339 922 2398 misere
945 2337 1189 2406 contaminaret?

263 2421 309 2478 An
336 2418 368 2479 in
391 2417 501 2478 Turoia
523 2430 555 2480 et
567 2421 717 2481 Bohemia
738 2443 801 2482 non
826 2431 896 2481 sunt
917 2423 1038 2482 animae
1061 2439 1187 2500 pascen-

263 2500 344 2562 dae?
373 2502 421 2561 An
444 2503 543 2563 solum
568 2511 672 2584 pastas
695 2505 752 2565 sthi
775 2504 871 2565 credit
893 2503 1095 2564 commissas?
1127 2504 1188 2564 Cur

263 2604 339 2664 ergo
352 2584 473 2660 Petras,
495 2606 557 2645 non
582 2594 745 2648 contentus
767 2589 863 2668 pastis
886 2608 905 2647 a
923 2587 1044 2648 Christo
1068 2586 1186 2664 ovibus,

263 2670 329 2746 ipse
367 2687 421 2747 per
454 2676 551 2728 totum
586 2670 730 2729 mundum
767 2670 939 2751 pascendas
972 2679 1003 2729 et
1031 2668 1188 2728 docendas

263 2750 438 2829 qnaesivit?
481 2751 560 2831 Cur,
583 2754 721 2833 inquam,
744 2773 872 2833 pascere
897 2753 953 2813 sibi
976 2759 1133 2830 usurpant,
1156 2758 1187 2810 et

262 2842 366 2892 tamen
391 2851 454 2892 non
478 2835 617 2895 faciunt?
650 2837 708 2896 nisi
736 2837 819 2915 qnod
855 2837 983 2915 cupiunt
1009 2853 1067 2895 nos
1097 2835 1185 2908 scire,

264 2914 338 2993 quid
363 2914 537 2996 intelligant
565 2919 784 2998 perverbum,
821 2938 965 2998 pascere,
999 2917 1119 2997 quoties
1141 2916 1185 2976 illi

264 2998 302 3060 ad
327 3018 362 3058 se
387 3017 462 3059 oves
487 3002 637 3079 pertinere
659 3003 789 3080 iactant,
820 3001 937 3063 scilicet
960 2999 1126 3073 dominari,
1155 3001 1185 3058 in
1224 3042 1226 3050 .

264 3084 331 3141 otio
356 3081 486 3142 tondere
509 3103 601 3161 oves,
634 3104 779 3163 meroque
809 3085 969 3165 tyrannide
997 3085 1026 3142 in
1056 3082 1188 3142 ecclesia

263 3164 467 3244 praevalere?

350 3246 445 3308 Error
467 3250 571 3327 itaque
594 3254 649 3328 est,
671 3251 804 3311 alienum
829 3271 897 3310 esse
915 3249 953 3310 ab
976 3249 1049 3310 ovili
1067 3248 1188 3324 Christi,
1264 3293 1268 3302 .

266 3331 316 3409 qni
340 3329 463 3390 Petrum
494 3340 522 3390 et
550 3352 746 3395 successores
773 3335 876 3413 ipsius
903 3353 964 3393 non
993 3331 1191 3412 recognoscit

264 3421 405 3491 pastores
430 3422 461 3473 et
483 3415 663 3494 magistros:
687 3417 834 3496 primum,
867 3416 950 3495 quod
974 3417 1032 3495 ipsi
1055 3434 1114 3475 nec
1137 3434 1187 3494 pa·

264 3504 363 3572 scunt,
386 3514 445 3555 nec
465 3512 586 3578 regunt,
609 3499 724 3578 alioqui
747 3501 807 3558 iam
832 3519 940 3559 omnes
954 3497 1119 3558 Christiani
1143 3517 1188 3557 es-

264 3585 332 3638 sent
353 3578 448 3640 aheni
476 3579 656 3657 aChristo,
689 3581 772 3662 quod
810 3582 910 3641 nullus
940 3600 1046 3641 eorum
1075 3581 1187 3656 videat,

264 3663 384 3721 etiamsi
410 3681 500 3740 quam
530 3665 663 3724 maxime
686 3666 776 3741 velit,
800 3676 940 3743 pastores
971 3671 1002 3722 et
1023 3665 1187 3744 magistros

265 3745 425 3805 Romanos
447 3745 620 3825 pontifices.
663 3748 778 3810 Vident
798 3755 900 3807 autem
924 3765 992 3827 eos,
1025 3755 1057 3807 et
1083 3765 1187 3826 recog-

267 3835 401 3888 noscunt
424 3827 619 3890 dominantes
650 3838 680 3890 et
702 3838 903 3910 pompantes,
936 3838 966 3892 et
992 3837 1094 3890 tamen
1129 3829 1187 3888 hac

266 3911 481 3992 recognitione
503 3932 565 3973 non
589 3915 686 3994 magis
715 3921 786 3973 sunt
815 3912 853 3973 de
876 3913 949 3974 ovili
972 3912 1097 3987 Christi,
1133 3908 1186 3992 sed
1269 3915 1270 3918 ’

264 4014 364 4072 paene
388 3994 551 4055 eiiciantur
572 4016 627 4075 per
647 3998 719 4066 vim,
742 4004 804 4056 tam
828 3995 966 4056 efficacIa
989 4000 1060 4054 sunt
1082 4011 1187 4052 eorum

265 4076 422 4139 scandala.
472 4076 609 4155 Deinde,
639 4079 711 4159 quia
748 4079 822 4138 satis
853 4085 915 4157 est,
947 4075 1090 4154 Paulum,
1121 4074 1185 4134 lmo
