<?xml version="1.0" encoding="UTF-8"?>
<!DOCTYPE html PUBLIC "-//W3C//DTD XHTML 1.0 Transitional//EN"
    "http://www.w3.org/TR/xhtml1/DTD/xhtml1-transitional.dtd">
<html xmlns="http://www.w3.org/1999/xhtml" xml:lang="en" lang="en">
 <head>
  <title>
</title>
<meta http-equiv="Content-Type" content="text/html;charset=utf-8" />
  <meta name='ocr-system' content='tesseract 3.04.00' />
  <meta name='ocr-capabilities' content='ocr_page ocr_carea ocr_par ocr_line ocrx_word'/>
</head>
<body>
  <div class='ocr_page' id='page_1' title='image "./operalatinavari02schmgoog_0308.png"; bbox 0 0 3075 4775; ppageno 0'>
   <div class='ocr_carea' id='block_1_1' title="bbox 369 521 1123 624">
    <p class='ocr_par' dir='ltr' id='par_1_1' title="bbox 369 521 1123 624">
     <span class='ocr_line' id='line_1_1' title="bbox 369 521 1123 624; baseline 0.008 -20"><span class='ocrx_word' id='word_1_1' title='bbox 369 550 432 616; x_wconf 75' lang='lat'>302</span> <span class='ocrx_word' id='word_1_2' title='bbox 621 552 714 607; x_wconf 80' lang='lat' dir='ltr'>Rasoi.</span> <span class='ocrx_word' id='word_1_3' title='bbox 736 555 764 606; x_wconf 63' lang='lat' dir='ltr'>Is</span> <span class='ocrx_word' id='word_1_4' title='bbox 784 568 871 624; x_wconf 82' lang='lat' dir='ltr'>super</span> <span class='ocrx_word' id='word_1_5' title='bbox 887 521 1081 624; x_wconf 78' lang='lat' dir='ltr'>Pmpositiune</span> <span class='ocrx_word' id='word_1_6' title='bbox 1115 568 1123 574; x_wconf 73' lang='grc'><em>”</em></span> 
     </span>
    </p>
   </div>
   <div class='ocr_carea' id='block_1_2' title="bbox 366 728 1383 3816">
    <p class='ocr_par' dir='ltr' id='par_1_2' title="bbox 371 728 1383 1071">
     <span class='ocr_line' id='line_1_2' title="bbox 453 728 1383 823; baseline 0.003 -26"><span class='ocrx_word' id='word_1_7' title='bbox 453 738 579 818; x_wconf 74' lang='lat' dir='ltr'>Quarta,</span> <span class='ocrx_word' id='word_1_8' title='bbox 601 740 692 803; x_wconf 86' lang='lat' dir='ltr'>Rom.</span> <span class='ocrx_word' id='word_1_9' title='bbox 716 744 764 805; x_wconf 78' lang='grc'>13.</span> <span class='ocrx_word' id='word_1_10' title='bbox 778 742 948 823; x_wconf 80' lang='lat' dir='ltr'>Apostolus</span> <span class='ocrx_word' id='word_1_11' title='bbox 959 740 1049 801; x_wconf 84' lang='lat' dir='ltr'>disit:</span> <span class='ocrx_word' id='word_1_12' title='bbox 1072 740 1299 807; x_wconf 69' lang='lat' dir='ltr'>Omnisnnima</span> <span class='ocrx_word' id='word_1_13' title='bbox 1382 728 1383 817; x_wconf 65' lang='lat' dir='ltr'>i</span> 
     </span>
     <span class='ocr_line' id='line_1_3' title="bbox 371 822 1298 901; baseline -0.001 -19"><span class='ocrx_word' id='word_1_14' title='bbox 371 822 578 901; x_wconf 65' lang='lat' dir='ltr'>potestatibus</span> <span class='ocrx_word' id='word_1_15' title='bbox 606 823 834 885; x_wconf 82' lang='lat' dir='ltr'>sublimioribus</span> <span class='ocrx_word' id='word_1_16' title='bbox 865 824 987 885; x_wconf 83' lang='lat' dir='ltr'>subdita</span> <span class='ocrx_word' id='word_1_17' title='bbox 1018 827 1066 885; x_wconf 87' lang='lat' dir='ltr'>sit.</span> <span class='ocrx_word' id='word_1_18' title='bbox 1110 824 1184 885; x_wconf 74' lang='lat' dir='ltr'>Non</span> <span class='ocrx_word' id='word_1_19' title='bbox 1214 826 1298 883; x_wconf 79' lang='lat' dir='ltr'>enirn</span> 
     </span>
     <span class='ocr_line' id='line_1_4' title="bbox 371 907 1298 987; baseline 0.003 -23"><span class='ocrx_word' id='word_1_20' title='bbox 371 912 419 965; x_wconf 81' lang='lat' dir='ltr'>eet</span> <span class='ocrx_word' id='word_1_21' title='bbox 439 913 588 985; x_wconf 84' lang='lat' dir='ltr'>potestas,</span> <span class='ocrx_word' id='word_1_22' title='bbox 611 907 670 966; x_wconf 90' lang='lat' dir='ltr'>nisi</span> <span class='ocrx_word' id='word_1_23' title='bbox 693 909 812 968; x_wconf 86' lang='lat' dir='ltr'>aDeo:</span> <span class='ocrx_word' id='word_1_24' title='bbox 834 926 1036 987; x_wconf 83' lang='lat' dir='ltr'>quaeeunque</span> <span class='ocrx_word' id='word_1_25' title='bbox 1058 916 1160 968; x_wconf 86' lang='lat' dir='ltr'>autem</span> <span class='ocrx_word' id='word_1_26' title='bbox 1185 927 1204 967; x_wconf 88' lang='lat' dir='ltr'>u</span> <span class='ocrx_word' id='word_1_27' title='bbox 1227 908 1298 968; x_wconf 82' lang='lat' dir='ltr'>Deo</span> 
     </span>
     <span class='ocr_line' id='line_1_5' title="bbox 371 990 1295 1071; baseline 0.004 -24"><span class='ocrx_word' id='word_1_28' title='bbox 371 996 456 1067; x_wconf 88' lang='lat' dir='ltr'>sunt,</span> <span class='ocrx_word' id='word_1_29' title='bbox 480 990 622 1049; x_wconf 87' lang='lat' dir='ltr'>ordinata</span> <span class='ocrx_word' id='word_1_30' title='bbox 643 996 723 1051; x_wconf 88' lang='lat' dir='ltr'>sunt.</span> <span class='ocrx_word' id='word_1_31' title='bbox 766 992 873 1070; x_wconf 77' lang='lat' dir='ltr'>itaque</span> <span class='ocrx_word' id='word_1_32' title='bbox 895 994 947 1071; x_wconf 91' lang='lat' dir='ltr'>qui</span> <span class='ocrx_word' id='word_1_33' title='bbox 969 994 1115 1052; x_wconf 88' lang='lat' dir='ltr'>resistunt</span> <span class='ocrx_word' id='word_1_34' title='bbox 1135 993 1295 1071; x_wconf 81' lang='lat' dir='ltr'>potestati,</span> 
     </span>
    </p>

    <p class='ocr_par' dir='ltr' id='par_1_3' title="bbox 369 1072 1383 1737">
     <span class='ocr_line' id='line_1_6' title="bbox 370 1072 1383 1153; baseline 0.004 -22"><span class='ocrx_word' id='word_1_35' title='bbox 370 1073 427 1131; x_wconf 83' lang='lat' dir='ltr'>Dei</span> <span class='ocrx_word' id='word_1_36' title='bbox 450 1072 637 1133; x_wconf 84' lang='lat' dir='ltr'>ordinationi</span> <span class='ocrx_word' id='word_1_37' title='bbox 658 1076 819 1134; x_wconf 87' lang='lat' dir='ltr'>resistunt:</span> <span class='ocrx_word' id='word_1_38' title='bbox 853 1076 902 1153; x_wconf 88' lang='lat' dir='ltr'>qni</span> <span class='ocrx_word' id='word_1_39' title='bbox 925 1082 1026 1135; x_wconf 80' lang='lat' dir='ltr'>eutem</span> <span class='ocrx_word' id='word_1_40' title='bbox 1050 1074 1117 1134; x_wconf 87' lang='lat' dir='ltr'>Deo</span> <span class='ocrx_word' id='word_1_41' title='bbox 1138 1076 1297 1148; x_wconf 72' lang='lat' dir='ltr'>resistunt,</span> <span class='ocrx_word' id='word_1_42' title='bbox 1382 1112 1383 1135; x_wconf 57' lang='lat' dir='ltr'>i</span> 
     </span>
     <span class='ocr_line' id='line_1_7' title="bbox 369 1154 1296 1236; baseline 0.002 -23"><span class='ocrx_word' id='word_1_43' title='bbox 369 1156 430 1235; x_wconf 91' lang='lat' dir='ltr'>ipsi</span> <span class='ocrx_word' id='word_1_44' title='bbox 440 1154 671 1216; x_wconf 73' lang='lat' dir='ltr'>damnationem</span> <span class='ocrx_word' id='word_1_45' title='bbox 687 1156 745 1216; x_wconf 87' lang='lat' dir='ltr'>sibi</span> <span class='ocrx_word' id='word_1_46' title='bbox 758 1160 928 1236; x_wconf 77' lang='lat' dir='ltr'>acquirunt.</span> <span class='ocrx_word' id='word_1_47' title='bbox 971 1158 1038 1217; x_wconf 86' lang='lat' dir='ltr'>Hau</span> <span class='ocrx_word' id='word_1_48' title='bbox 1050 1164 1134 1217; x_wconf 89' lang='lat' dir='ltr'>eerte</span> <span class='ocrx_word' id='word_1_49' title='bbox 1156 1159 1296 1217; x_wconf 89' lang='lat' dir='ltr'>omnium</span> 
     </span>
     <span class='ocr_line' id='line_1_8' title="bbox 369 1238 1383 1321; baseline 0.001 -23"><span class='ocrx_word' id='word_1_50' title='bbox 369 1239 592 1316; x_wconf 81' lang='lat' dir='ltr'>robustissima,</span> <span class='ocrx_word' id='word_1_51' title='bbox 615 1244 762 1318; x_wconf 83' lang='lat' dir='ltr'>quantum</span> <span class='ocrx_word' id='word_1_52' title='bbox 778 1260 837 1321; x_wconf 84' lang='lat' dir='ltr'>ego</span> <span class='ocrx_word' id='word_1_53' title='bbox 851 1243 951 1319; x_wconf 79' lang='lat' dir='ltr'>nepio,</span> <span class='ocrx_word' id='word_1_54' title='bbox 974 1258 1139 1301; x_wconf 83' lang='lat' dir='ltr'>oausanos</span> <span class='ocrx_word' id='word_1_55' title='bbox 1152 1241 1297 1300; x_wconf 77' lang='lat' dir='ltr'>Romano</span> <span class='ocrx_word' id='word_1_56' title='bbox 1382 1238 1383 1249; x_wconf 72' lang='grc'>’</span> 
     </span>
     <span class='ocr_line' id='line_1_9' title="bbox 370 1320 1297 1403; baseline -0.001 -21"><span class='ocrx_word' id='word_1_57' title='bbox 370 1320 508 1401; x_wconf 77' lang='lat' dir='ltr'>pontifici</span> <span class='ocrx_word' id='word_1_58' title='bbox 532 1322 661 1383; x_wconf 80' lang='lat' dir='ltr'>subiecti</span> <span class='ocrx_word' id='word_1_59' title='bbox 675 1342 789 1399; x_wconf 69' lang='lat' dir='ltr'>sumus,</span> <span class='ocrx_word' id='word_1_60' title='bbox 810 1326 921 1403; x_wconf 89' lang='lat' dir='ltr'>inqua</span> <span class='ocrx_word' id='word_1_61' title='bbox 943 1324 1025 1383; x_wconf 87' lang='lat' dir='ltr'>ulsre</span> <span class='ocrx_word' id='word_1_62' title='bbox 1039 1324 1156 1401; x_wconf 78' lang='lat' dir='ltr'>asserit,</span> <span class='ocrx_word' id='word_1_63' title='bbox 1179 1323 1297 1382; x_wconf 84' lang='lat' dir='ltr'>nuliam</span> 
     </span>
     <span class='ocr_line' id='line_1_10' title="bbox 373 1404 1383 1486; baseline 0.002 -23"><span class='ocrx_word' id='word_1_64' title='bbox 373 1412 560 1485; x_wconf 88' lang='lat' dir='ltr'>potestatem</span> <span class='ocrx_word' id='word_1_65' title='bbox 584 1425 642 1465; x_wconf 86' lang='lat' dir='ltr'>nea</span> <span class='ocrx_word' id='word_1_66' title='bbox 653 1425 722 1465; x_wconf 88' lang='lat' dir='ltr'>esse</span> <span class='ocrx_word' id='word_1_67' title='bbox 734 1407 857 1485; x_wconf 89' lang='lat' dir='ltr'>quidem</span> <span class='ocrx_word' id='word_1_68' title='bbox 875 1426 980 1486; x_wconf 83' lang='lat' dir='ltr'>posse,</span> <span class='ocrx_word' id='word_1_69' title='bbox 1001 1408 1061 1469; x_wconf 88' lang='lat' dir='ltr'>nisi</span> <span class='ocrx_word' id='word_1_70' title='bbox 1083 1427 1102 1466; x_wconf 85' lang='lat' dir='ltr'>a</span> <span class='ocrx_word' id='word_1_71' title='bbox 1117 1406 1194 1469; x_wconf 90' lang='lat' dir='ltr'>Deo.</span> <span class='ocrx_word' id='word_1_72' title='bbox 1219 1406 1298 1467; x_wconf 85' lang='lat' dir='ltr'>Gurn</span> <span class='ocrx_word' id='word_1_73' title='bbox 1382 1404 1383 1459; x_wconf 68' lang='grc' dir='ltr'>ζ</span> 
     </span>
     <span class='ocr_line' id='line_1_11' title="bbox 370 1488 1383 1570; baseline 0.003 -23"><span class='ocrx_word' id='word_1_74' title='bbox 370 1494 472 1547; x_wconf 86' lang='lat' dir='ltr'>antem</span> <span class='ocrx_word' id='word_1_75' title='bbox 500 1488 632 1548; x_wconf 83' lang='lat' dir='ltr'>Romani</span> <span class='ocrx_word' id='word_1_76' title='bbox 658 1488 815 1569; x_wconf 77' lang='lat' dir='ltr'>pontificis</span> <span class='ocrx_word' id='word_1_77' title='bbox 844 1497 982 1570; x_wconf 83' lang='lat' dir='ltr'>potest-ns</span> <span class='ocrx_word' id='word_1_78' title='bbox 1003 1492 1063 1551; x_wconf 90' lang='lat' dir='ltr'>iam</span> <span class='ocrx_word' id='word_1_79' title='bbox 1087 1491 1127 1549; x_wconf 88' lang='lat' dir='ltr'>sit</span> <span class='ocrx_word' id='word_1_80' title='bbox 1150 1488 1300 1551; x_wconf 85' lang='lat' dir='ltr'>robustis-</span> <span class='ocrx_word' id='word_1_81' title='bbox 1326 1554 1332 1565; x_wconf 26' lang='lat' dir='ltr'>q</span> <span class='ocrx_word' id='word_1_82' title='bbox 1382 1548 1383 1565; x_wconf 23' lang='lat'>¹</span> 
     </span>
     <span class='ocr_line' id='line_1_12' title="bbox 372 1571 1299 1652; baseline 0.001 -22"><span class='ocrx_word' id='word_1_83' title='bbox 372 1574 450 1631; x_wconf 84' lang='lat' dir='ltr'>sime</span> <span class='ocrx_word' id='word_1_84' title='bbox 472 1571 621 1649; x_wconf 84' lang='lat' dir='ltr'>stabilita,</span> <span class='ocrx_word' id='word_1_85' title='bbox 651 1580 685 1632; x_wconf 92' lang='lat' dir='ltr'>nt</span> <span class='ocrx_word' id='word_1_86' title='bbox 706 1573 862 1652; x_wconf 85' lang='lat' dir='ltr'>videmus,</span> <span class='ocrx_word' id='word_1_87' title='bbox 884 1581 978 1633; x_wconf 80' lang='lat' dir='ltr'>uerte</span> <span class='ocrx_word' id='word_1_88' title='bbox 1009 1589 1072 1635; x_wconf 93' lang='lat' dir='ltr'>non</span> <span class='ocrx_word' id='word_1_89' title='bbox 1095 1580 1219 1649; x_wconf 86' lang='lat' dir='ltr'>oportet</span> <span class='ocrx_word' id='word_1_90' title='bbox 1241 1574 1299 1637; x_wconf 84' lang='lat' dir='ltr'>Dei</span> 
     </span>
     <span class='ocr_line' id='line_1_13' title="bbox 373 1654 1300 1737; baseline 0 -22"><span class='ocrx_word' id='word_1_91' title='bbox 373 1654 599 1715; x_wconf 77' lang='lat' dir='ltr'>ordinationem</span> <span class='ocrx_word' id='word_1_92' title='bbox 622 1655 954 1737; x_wconf 81' lang='lat' dir='ltr'>henaimpnguare¹):</span> <span class='ocrx_word' id='word_1_93' title='bbox 977 1656 1159 1736; x_wconf 84' lang='lat' dir='ltr'>sudqaanta</span> <span class='ocrx_word' id='word_1_94' title='bbox 1182 1662 1300 1735; x_wconf 77' lang='lat' dir='ltr'>quauta</span> 
     </span>
    </p>

    <p class='ocr_par' dir='ltr' id='par_1_4' title="bbox 371 1737 1383 1900">
     <span class='ocr_line' id='line_1_14' title="bbox 372 1737 1383 1817; baseline -0.002 -22"><span class='ocrx_word' id='word_1_95' title='bbox 372 1743 429 1815; x_wconf 80' lang='lat' dir='ltr'>ost,</span> <span class='ocrx_word' id='word_1_96' title='bbox 455 1737 610 1797; x_wconf 81' lang='lat' dir='ltr'>humiliter</span> <span class='ocrx_word' id='word_1_97' title='bbox 621 1740 782 1815; x_wconf 83' lang='lat' dir='ltr'>sustinere,</span> <span class='ocrx_word' id='word_1_98' title='bbox 805 1740 925 1800; x_wconf 87' lang='lat' dir='ltr'>etiemsi</span> <span class='ocrx_word' id='word_1_99' title='bbox 947 1740 1060 1799; x_wconf 89' lang='lat' dir='ltr'>iniusta</span> <span class='ocrx_word' id='word_1_100' title='bbox 1081 1746 1178 1817; x_wconf 82' lang='lat' dir='ltr'>esset,</span> <span class='ocrx_word' id='word_1_101' title='bbox 1201 1746 1235 1799; x_wconf 87' lang='lat' dir='ltr'>et</span> <span class='ocrx_word' id='word_1_102' title='bbox 1256 1740 1298 1798; x_wconf 89' lang='lat' dir='ltr'>iu-</span> <span class='ocrx_word' id='word_1_103' title='bbox 1382 1790 1383 1793; x_wconf 74' lang='grc'>,</span> 
     </span>
     <span class='ocr_line' id='line_1_15' title="bbox 371 1820 784 1900; baseline 0.007 -20"><span class='ocrx_word' id='word_1_104' title='bbox 371 1820 483 1880; x_wconf 87' lang='lat' dir='ltr'>dieiurn</span> <span class='ocrx_word' id='word_1_105' title='bbox 509 1820 577 1881; x_wconf 91' lang='lat' dir='ltr'>Deo</span> <span class='ocrx_word' id='word_1_106' title='bbox 600 1822 784 1900; x_wconf 78' lang='lat' dir='ltr'>relinquere.</span> 
     </span>
    </p>

    <p class='ocr_par' dir='ltr' id='par_1_5' title="bbox 366 1902 1383 3650">
     <span class='ocr_line' id='line_1_16' title="bbox 453 1902 1299 1982; baseline 0 -19"><span class='ocrx_word' id='word_1_107' title='bbox 453 1902 582 1981; x_wconf 76' lang='lat' dir='ltr'>Quinta,</span> <span class='ocrx_word' id='word_1_108' title='bbox 616 1911 664 1964; x_wconf 89' lang='lat' dir='ltr'>est</span> <span class='ocrx_word' id='word_1_109' title='bbox 686 1906 719 1966; x_wconf 90' lang='lat' dir='ltr'>B.</span> <span class='ocrx_word' id='word_1_110' title='bbox 742 1906 849 1967; x_wconf 90' lang='lat' dir='ltr'>Petrus</span> <span class='ocrx_word' id='word_1_111' title='bbox 873 1904 1047 1982; x_wconf 74' lang='lat' dir='ltr'>doeens*},</span> <span class='ocrx_word' id='word_1_112' title='bbox 1069 1912 1103 1965; x_wconf 93' lang='lat' dir='ltr'>ut</span> <span class='ocrx_word' id='word_1_113' title='bbox 1124 1903 1239 1965; x_wconf 85' lang='lat' dir='ltr'>subditi</span> <span class='ocrx_word' id='word_1_114' title='bbox 1258 1906 1299 1963; x_wconf 76' lang='lat' dir='ltr'>&#39;si-</span> 
     </span>
     <span class='ocr_line' id='line_1_17' title="bbox 370 1987 1296 2072; baseline 0.001 -26"><span class='ocrx_word' id='word_1_115' title='bbox 370 2006 439 2046; x_wconf 87' lang='lat' dir='ltr'>mus</span> <span class='ocrx_word' id='word_1_116' title='bbox 460 1990 545 2050; x_wconf 86' lang='lat' dir='ltr'>omni</span> <span class='ocrx_word' id='word_1_117' title='bbox 567 1987 722 2047; x_wconf 88' lang='lat' dir='ltr'>humanae</span> <span class='ocrx_word' id='word_1_118' title='bbox 739 1996 908 2069; x_wconf 75' lang='lat' dir='ltr'>creaturae,</span> <span class='ocrx_word' id='word_1_119' title='bbox 931 1991 1003 2067; x_wconf 83' lang='lat' dir='ltr'>quia</span> <span class='ocrx_word' id='word_1_120' title='bbox 1016 1990 1060 2048; x_wconf 89' lang='lat' dir='ltr'>siu</span> <span class='ocrx_word' id='word_1_121' title='bbox 1081 1989 1296 2072; x_wconf 21' lang='lat' dir='ltr'>esthvoluntas</span> 
     </span>
     <span class='ocr_line' id='line_1_18' title="bbox 369 2070 1296 2151; baseline 0 -21"><span class='ocrx_word' id='word_1_122' title='bbox 369 2071 438 2131; x_wconf 88' lang='lat' dir='ltr'>Dei.</span> <span class='ocrx_word' id='word_1_123' title='bbox 459 2110 466 2122; x_wconf 65' lang='grc'><strong>«</strong></span> <span class='ocrx_word' id='word_1_124' title='bbox 490 2074 531 2130; x_wconf 86' lang='lat' dir='ltr'>At</span> <span class='ocrx_word' id='word_1_125' title='bbox 559 2070 725 2131; x_wconf 89' lang='lat' dir='ltr'>humanam</span> <span class='ocrx_word' id='word_1_126' title='bbox 758 2078 928 2132; x_wconf 86' lang='lat' dir='ltr'>ereaturam</span> <span class='ocrx_word' id='word_1_127' title='bbox 965 2079 1058 2131; x_wconf 80' lang='lat' dir='ltr'>voest</span> <span class='ocrx_word' id='word_1_128' title='bbox 1087 2072 1296 2151; x_wconf 77' lang='lat' dir='ltr'>magistratus,</span> 
     </span>
     <span class='ocr_line' id='line_1_19' title="bbox 370 2154 1296 2233; baseline 0.001 -21"><span class='ocrx_word' id='word_1_129' title='bbox 370 2154 528 2213; x_wconf 91' lang='lat' dir='ltr'>hominum</span> <span class='ocrx_word' id='word_1_130' title='bbox 542 2154 666 2214; x_wconf 89' lang='lat' dir='ltr'>arbitrio</span> <span class='ocrx_word' id='word_1_131' title='bbox 678 2156 844 2230; x_wconf 74' lang='lat' dir='ltr'>institutos,</span> <span class='ocrx_word' id='word_1_132' title='bbox 868 2163 900 2215; x_wconf 90' lang='lat' dir='ltr'>ut</span> <span class='ocrx_word' id='word_1_133' title='bbox 914 2154 1028 2215; x_wconf 83' lang='lat' dir='ltr'>olerum</span> <span class='ocrx_word' id='word_1_134' title='bbox 1042 2161 1090 2215; x_wconf 87' lang='lat' dir='ltr'>est</span> <span class='ocrx_word' id='word_1_135' title='bbox 1103 2174 1143 2214; x_wconf 90' lang='lat' dir='ltr'>ex</span> <span class='ocrx_word' id='word_1_136' title='bbox 1165 2172 1296 2233; x_wconf 88' lang='lat' dir='ltr'>sequen-</span> 
     </span>
     <span class='ocr_line' id='line_1_20' title="bbox 369 2235 1297 2318; baseline 0.002 -23"><span class='ocrx_word' id='word_1_137' title='bbox 369 2235 461 2314; x_wconf 86' lang='lat' dir='ltr'>tibus,</span> <span class='ocrx_word' id='word_1_138' title='bbox 483 2237 534 2297; x_wconf 92' lang='lat' dir='ltr'>ubi</span> <span class='ocrx_word' id='word_1_139' title='bbox 558 2237 648 2297; x_wconf 87' lang='lat' dir='ltr'>dioit:</span> <span class='ocrx_word' id='word_1_140' title='bbox 672 2236 744 2298; x_wconf 81' lang='lat' dir='ltr'>Sive</span> <span class='ocrx_word' id='word_1_141' title='bbox 757 2240 822 2318; x_wconf 79' lang='lat' dir='ltr'>regi</span> <span class='ocrx_word' id='word_1_142' title='bbox 838 2238 1206 2317; x_wconf 78' lang='lat' dir='ltr'>tunquempraeoellenti,</span> <span class='ocrx_word' id='word_1_143' title='bbox 1230 2239 1297 2297; x_wconf 86' lang='lat' dir='ltr'>sive</span> 
     </span>
     <span class='ocr_line' id='line_1_21' title="bbox 369 2318 1297 2400; baseline 0.002 -22"><span class='ocrx_word' id='word_1_144' title='bbox 369 2318 510 2398; x_wconf 81' lang='lat' dir='ltr'>denibus,</span> <span class='ocrx_word' id='word_1_145' title='bbox 533 2327 679 2400; x_wconf 88' lang='lat' dir='ltr'>tanquam</span> <span class='ocrx_word' id='word_1_146' title='bbox 701 2320 742 2381; x_wconf 88' lang='lat' dir='ltr'>ab</span> <span class='ocrx_word' id='word_1_147' title='bbox 754 2340 794 2383; x_wconf 87' lang='lat' dir='ltr'>eo</span> <span class='ocrx_word' id='word_1_148' title='bbox 807 2322 920 2381; x_wconf 86' lang='lat' dir='ltr'>missis.</span> <span class='ocrx_word' id='word_1_149' title='bbox 964 2318 1040 2381; x_wconf 83' lang='lat' dir='ltr'>Ourn</span> <span class='ocrx_word' id='word_1_150' title='bbox 1064 2328 1168 2381; x_wconf 83' lang='lat' dir='ltr'>eutem</span> <span class='ocrx_word' id='word_1_151' title='bbox 1192 2320 1297 2380; x_wconf 83' lang='lat' dir='ltr'>etRo-</span> 
     </span>
     <span class='ocr_line' id='line_1_22' title="bbox 370 2402 1298 2484; baseline 0.002 -22"><span class='ocrx_word' id='word_1_152' title='bbox 370 2405 454 2463; x_wconf 88' lang='lat' dir='ltr'>maui</span> <span class='ocrx_word' id='word_1_153' title='bbox 477 2402 632 2484; x_wconf 75' lang='lat' dir='ltr'>pontificis</span> <span class='ocrx_word' id='word_1_154' title='bbox 654 2411 842 2484; x_wconf 88' lang='lat' dir='ltr'>potestatem</span> <span class='ocrx_word' id='word_1_155' title='bbox 865 2405 1046 2466; x_wconf 87' lang='lat' dir='ltr'>arbitremur</span> <span class='ocrx_word' id='word_1_156' title='bbox 1087 2405 1222 2465; x_wconf 82' lang='lat' dir='ltr'>humano</span> <span class='ocrx_word' id='word_1_157' title='bbox 1245 2403 1298 2464; x_wconf 90' lang='lat' dir='ltr'>de·</span> 
     </span>
     <span class='ocr_line' id='line_1_23' title="bbox 369 2487 1298 2568; baseline 0.001 -22"><span class='ocrx_word' id='word_1_158' title='bbox 369 2494 455 2547; x_wconf 86' lang='lat' dir='ltr'>ereto</span> <span class='ocrx_word' id='word_1_159' title='bbox 478 2495 638 2568; x_wconf 65' lang='lat' dir='ltr'>statutam,</span> <span class='ocrx_word' id='word_1_160' title='bbox 677 2495 708 2548; x_wconf 87' lang='lat' dir='ltr'>et</span> <span class='ocrx_word' id='word_1_161' title='bbox 741 2489 905 2550; x_wconf 79' lang='lat' dir='ltr'>ordinante</span> <span class='ocrx_word' id='word_1_162' title='bbox 934 2487 1001 2549; x_wconf 89' lang='lat' dir='ltr'>Deo</span> <span class='ocrx_word' id='word_1_163' title='bbox 1034 2489 1079 2548; x_wconf 88' lang='lat' dir='ltr'>sio</span> <span class='ocrx_word' id='word_1_164' title='bbox 1108 2487 1298 2561; x_wconf 77' lang='lat' dir='ltr'>roboratam,</span> 
     </span>
     <span class='ocr_line' id='line_1_24' title="bbox 367 2571 1296 2650; baseline 0.006 -21"><span class='ocrx_word' id='word_1_165' title='bbox 367 2572 435 2632; x_wconf 88' lang='lat' dir='ltr'>sine</span> <span class='ocrx_word' id='word_1_166' title='bbox 455 2572 582 2631; x_wconf 88' lang='lat' dir='ltr'>erimine</span> <span class='ocrx_word' id='word_1_167' title='bbox 602 2588 665 2631; x_wconf 91' lang='lat' dir='ltr'>uon</span> <span class='ocrx_word' id='word_1_168' title='bbox 679 2578 735 2644; x_wconf 77' lang='lat' dir='ltr'>est,</span> <span class='ocrx_word' id='word_1_169' title='bbox 758 2573 808 2650; x_wconf 90' lang='lat' dir='ltr'>qui</span> <span class='ocrx_word' id='word_1_170' title='bbox 830 2591 899 2632; x_wconf 87' lang='lat' dir='ltr'>sese</span> <span class='ocrx_word' id='word_1_171' title='bbox 920 2589 977 2632; x_wconf 86' lang='lat' dir='ltr'>sua</span> <span class='ocrx_word' id='word_1_172' title='bbox 999 2573 1164 2632; x_wconf 76' lang='lat' dir='ltr'>arrturitete</span> <span class='ocrx_word' id='word_1_173' title='bbox 1177 2571 1207 2646; x_wconf 82' lang='lat'>²)</span> <span class='ocrx_word' id='word_1_174' title='bbox 1226 2571 1296 2635; x_wconf 83' lang='lat' dir='ltr'>sub·</span> 
     </span>
     <span class='ocr_line' id='line_1_25' title="bbox 368 2653 1050 2718; baseline 0.009 -5"><span class='ocrx_word' id='word_1_175' title='bbox 368 2653 499 2715; x_wconf 87' lang='lat' dir='ltr'>duxerit.</span> <span class='ocrx_word' id='word_1_176' title='bbox 971 2705 977 2718; x_wconf 88' lang='lat'>.</span> <span class='ocrx_word' id='word_1_177' title='bbox 1048 2698 1050 2702; x_wconf 92' lang='lat'>·</span> 
     </span>
     <span class='ocr_line' id='line_1_26' title="bbox 452 2737 1291 2811; baseline -0.002 -13"><span class='ocrx_word' id='word_1_178' title='bbox 452 2738 556 2811; x_wconf 82' lang='lat' dir='ltr'>Sexta,</span> <span class='ocrx_word' id='word_1_179' title='bbox 579 2737 617 2797; x_wconf 90' lang='lat' dir='ltr'>ad</span> <span class='ocrx_word' id='word_1_180' title='bbox 640 2739 702 2798; x_wconf 87' lang='lat' dir='ltr'>hoe</span> <span class='ocrx_word' id='word_1_181' title='bbox 711 2738 787 2798; x_wconf 83' lang='lat' dir='ltr'>iuuit</span> <span class='ocrx_word' id='word_1_182' title='bbox 799 2755 877 2797; x_wconf 91' lang='lat' dir='ltr'>unus</span> <span class='ocrx_word' id='word_1_183' title='bbox 899 2737 952 2798; x_wconf 88' lang='lat' dir='ltr'>ille</span> <span class='ocrx_word' id='word_1_184' title='bbox 967 2756 1138 2798; x_wconf 81' lang='lat' dir='ltr'>consensus</span> <span class='ocrx_word' id='word_1_185' title='bbox 1151 2738 1291 2804; x_wconf 81' lang='lat' dir='ltr'>omnium</span> 
     </span>
     <span class='ocr_line' id='line_1_27' title="bbox 367 2819 1292 2900; baseline -0.002 -20"><span class='ocrx_word' id='word_1_186' title='bbox 367 2820 514 2899; x_wconf 78' lang='lat' dir='ltr'>fidelium,</span> <span class='ocrx_word' id='word_1_187' title='bbox 537 2823 589 2900; x_wconf 86' lang='lat' dir='ltr'>qui</span> <span class='ocrx_word' id='word_1_188' title='bbox 609 2821 704 2881; x_wconf 83' lang='lat' dir='ltr'>hodie</span> <span class='ocrx_word' id='word_1_189' title='bbox 721 2821 776 2882; x_wconf 91' lang='lat' dir='ltr'>sub</span> <span class='ocrx_word' id='word_1_190' title='bbox 790 2821 932 2882; x_wconf 89' lang='lat' dir='ltr'>Romano</span> <span class='ocrx_word' id='word_1_191' title='bbox 948 2821 1096 2900; x_wconf 72' lang='lat' dir='ltr'>pontifice</span> <span class='ocrx_word' id='word_1_192' title='bbox 1109 2827 1190 2885; x_wconf 76' lang='lat' dir='ltr'>&#39;sunt</span> <span class='ocrx_word' id='word_1_193' title='bbox 1213 2819 1292 2880; x_wconf 79' lang='lat' dir='ltr'>Num</span> 
     </span>
     <span class='ocr_line' id='line_1_28' title="bbox 369 2903 1293 2984; baseline -0.002 -20"><span class='ocrx_word' id='word_1_194' title='bbox 369 2923 438 2964; x_wconf 87' lang='lat' dir='ltr'>oum</span> <span class='ocrx_word' id='word_1_195' title='bbox 461 2913 600 2984; x_wconf 86' lang='lat' dir='ltr'>potestas</span> <span class='ocrx_word' id='word_1_196' title='bbox 628 2904 682 2964; x_wconf 88' lang='lat' dir='ltr'>iila</span> <span class='ocrx_word' id='word_1_197' title='bbox 706 2907 745 2965; x_wconf 87' lang='lat' dir='ltr'>sit</span> <span class='ocrx_word' id='word_1_198' title='bbox 771 2923 820 2964; x_wconf 87' lang='lat' dir='ltr'>res</span> <span class='ocrx_word' id='word_1_199' title='bbox 843 2903 1022 2984; x_wconf 86' lang='lat' dir='ltr'>temporalis</span> <span class='ocrx_word' id='word_1_200' title='bbox 1053 2911 1084 2966; x_wconf 87' lang='lat' dir='ltr'>et</span> <span class='ocrx_word' id='word_1_201' title='bbox 1105 2904 1200 2984; x_wconf 85' lang='lat' dir='ltr'>iunge</span> <span class='ocrx_word' id='word_1_202' title='bbox 1223 2903 1293 2964; x_wconf 84' lang='lat' dir='ltr'>sub-</span> 
     </span>
     <span class='ocr_line' id='line_1_29' title="bbox 366 2986 1383 3068; baseline -0.001 -22"><span class='ocrx_word' id='word_1_203' title='bbox 366 2987 518 3048; x_wconf 88' lang='lat' dir='ltr'>mittenda</span> <span class='ocrx_word' id='word_1_204' title='bbox 540 2989 649 3047; x_wconf 91' lang='lat' dir='ltr'>unitati</span> <span class='ocrx_word' id='word_1_205' title='bbox 671 2986 825 3068; x_wconf 80' lang='lat' dir='ltr'>fidelium⁷</span> <span class='ocrx_word' id='word_1_206' title='bbox 851 3005 913 3048; x_wconf 93' lang='lat' dir='ltr'>non</span> <span class='ocrx_word' id='word_1_207' title='bbox 941 2989 1007 3047; x_wconf 86' lang='lat' dir='ltr'>siue</span> <span class='ocrx_word' id='word_1_208' title='bbox 1029 2987 1208 3048; x_wconf 83' lang='lat' dir='ltr'>foedissimo</span> <span class='ocrx_word' id='word_1_209' title='bbox 1239 2988 1294 3046; x_wconf 80' lang='lat' dir='ltr'>uri-</span> <span class='ocrx_word' id='word_1_210' title='bbox 1382 3051 1383 3068; x_wconf 13' lang='grc' dir='ltr'>χ</span> 
     </span>
     <span class='ocr_line' id='line_1_30' title="bbox 369 3069 1383 3151; baseline -0.005 -21"><span class='ocrx_word' id='word_1_211' title='bbox 369 3073 451 3132; x_wconf 88' lang='lat' dir='ltr'>mine</span> <span class='ocrx_word' id='word_1_212' title='bbox 473 3089 543 3132; x_wconf 90' lang='lat' dir='ltr'>essa</span> <span class='ocrx_word' id='word_1_213' title='bbox 564 3070 687 3150; x_wconf 79' lang='lat' dir='ltr'>poterit,</span> <span class='ocrx_word' id='word_1_214' title='bbox 711 3073 735 3130; x_wconf 90' lang='lat' dir='ltr'>si</span> <span class='ocrx_word' id='word_1_215' title='bbox 757 3078 887 3150; x_wconf 88' lang='lat' dir='ltr'>propter</span> <span class='ocrx_word' id='word_1_216' title='bbox 904 3089 969 3130; x_wconf 86' lang='lat' dir='ltr'>reru</span> <span class='ocrx_word' id='word_1_217' title='bbox 984 3071 1186 3151; x_wconf 84' lang='lat' dir='ltr'>temporalem</span> <span class='ocrx_word' id='word_1_218' title='bbox 1198 3069 1294 3129; x_wconf 85' lang='lat' dir='ltr'>‘huno</span> <span class='ocrx_word' id='word_1_219' title='bbox 1382 3083 1383 3124; x_wconf 79' lang='lat'>3</span> 
     </span>
     <span class='ocr_line' id='line_1_31' title="bbox 370 3153 1292 3236; baseline -0.002 -22"><span class='ocrx_word' id='word_1_220' title='bbox 370 3161 417 3215; x_wconf 87' lang='lat' dir='ltr'>tot</span> <span class='ocrx_word' id='word_1_221' title='bbox 437 3154 574 3215; x_wconf 88' lang='lat' dir='ltr'>fidelium</span> <span class='ocrx_word' id='word_1_222' title='bbox 597 3171 792 3214; x_wconf 76' lang='lat' dir='ltr'>communem</span> <span class='ocrx_word' id='word_1_223' title='bbox 810 3171 933 3214; x_wconf 89' lang='lat' dir='ltr'>sensum</span> <span class='ocrx_word' id='word_1_224' title='bbox 950 3153 1137 3236; x_wconf 82' lang='lat' dir='ltr'>despexerit,</span> <span class='ocrx_word' id='word_1_225' title='bbox 1158 3153 1222 3213; x_wconf 89' lang='lat' dir='ltr'>hoo</span> <span class='ocrx_word' id='word_1_226' title='bbox 1236 3161 1292 3231; x_wconf 82' lang='lat' dir='ltr'>est,</span> 
     </span>
     <span class='ocr_line' id='line_1_32' title="bbox 370 3237 1291 3320; baseline -0.001 -23"><span class='ocrx_word' id='word_1_227' title='bbox 370 3237 523 3298; x_wconf 80' lang='lat' dir='ltr'>Oirristum</span> <span class='ocrx_word' id='word_1_228' title='bbox 538 3239 712 3320; x_wconf 79' lang='lat' dir='ltr'>negaverit,</span> <span class='ocrx_word' id='word_1_229' title='bbox 736 3247 768 3298; x_wconf 87' lang='lat' dir='ltr'>et</span> <span class='ocrx_word' id='word_1_230' title='bbox 784 3237 948 3298; x_wconf 83' lang='lat' dir='ltr'>eeclesiam</span> <span class='ocrx_word' id='word_1_231' title='bbox 965 3237 1197 3318; x_wconf 78' lang='lat' dir='ltr'>contempserit.</span> <span class='ocrx_word' id='word_1_232' title='bbox 1243 3239 1291 3298; x_wconf 89' lang='lat' dir='ltr'>An</span> 
     </span>
     <span class='ocr_line' id='line_1_33' title="bbox 367 3319 1291 3399; baseline -0.002 -19"><span class='ocrx_word' id='word_1_233' title='bbox 367 3323 519 3398; x_wconf 82' lang='lat' dir='ltr'>possibile</span> <span class='ocrx_word' id='word_1_234' title='bbox 532 3329 588 3399; x_wconf 82' lang='lat' dir='ltr'>est,</span> <span class='ocrx_word' id='word_1_235' title='bbox 612 3320 765 3381; x_wconf 79' lang='lat' dir='ltr'>Christum</span> <span class='ocrx_word' id='word_1_236' title='bbox 784 3339 846 3381; x_wconf 89' lang='lat' dir='ltr'>non</span> <span class='ocrx_word' id='word_1_237' title='bbox 871 3339 940 3381; x_wconf 87' lang='lat' dir='ltr'>esse</span> <span class='ocrx_word' id='word_1_238' title='bbox 962 3319 1041 3382; x_wconf 80' lang='lat' dir='ltr'>inter</span> <span class='ocrx_word' id='word_1_239' title='bbox 1063 3327 1110 3380; x_wconf 88' lang='lat' dir='ltr'>tot</span> <span class='ocrx_word' id='word_1_240' title='bbox 1131 3333 1169 3380; x_wconf 81' lang='lat' dir='ltr'>ae</span> <span class='ocrx_word' id='word_1_241' title='bbox 1188 3325 1291 3380; x_wconf 86' lang='lat' dir='ltr'>tantos</span> 
     </span>
     <span class='ocr_line' id='line_1_34' title="bbox 368 3396 1359 3479; baseline 0 -17"><span class='ocrx_word' id='word_1_242' title='bbox 368 3403 580 3465; x_wconf 68' lang='lat' dir='ltr'>Christianos?</span> <span class='ocrx_word' id='word_1_243' title='bbox 603 3404 635 3465; x_wconf 74' lang='lat' dir='ltr'>Si</span> <span class='ocrx_word' id='word_1_244' title='bbox 657 3412 759 3465; x_wconf 87' lang='lat' dir='ltr'>autem</span> <span class='ocrx_word' id='word_1_245' title='bbox 780 3404 917 3464; x_wconf 85' lang='lat' dir='ltr'>Christus</span> <span class='ocrx_word' id='word_1_246' title='bbox 939 3403 980 3464; x_wconf 94' lang='lat' dir='ltr'>ibi</span> <span class='ocrx_word' id='word_1_247' title='bbox 1003 3409 1050 3464; x_wconf 85' lang='lat' dir='ltr'>est</span> <span class='ocrx_word' id='word_1_248' title='bbox 1071 3410 1103 3465; x_wconf 91' lang='lat' dir='ltr'>et</span> <span class='ocrx_word' id='word_1_249' title='bbox 1114 3403 1302 3479; x_wconf 64' lang='lat' dir='ltr'>Christiani„</span> <span class='ocrx_word' id='word_1_250' title='bbox 1356 3396 1359 3406; x_wconf 73' lang='grc'><strong>“</strong></span> 
     </span>
     <span class='ocr_line' id='line_1_35' title="bbox 368 3486 1293 3566; baseline 0 -21"><span class='ocrx_word' id='word_1_251' title='bbox 368 3503 439 3546; x_wconf 87' lang='lat' dir='ltr'>oum</span> <span class='ocrx_word' id='word_1_252' title='bbox 463 3487 585 3548; x_wconf 76' lang='lat' dir='ltr'>Christo</span> <span class='ocrx_word' id='word_1_253' title='bbox 608 3495 639 3548; x_wconf 87' lang='lat' dir='ltr'>et</span> <span class='ocrx_word' id='word_1_254' title='bbox 663 3488 843 3548; x_wconf 80' lang='lat' dir='ltr'>Ohrietiauis</span> <span class='ocrx_word' id='word_1_255' title='bbox 866 3486 1007 3548; x_wconf 85' lang='lat' dir='ltr'>standum</span> <span class='ocrx_word' id='word_1_256' title='bbox 1037 3489 1136 3547; x_wconf 86' lang='lat' dir='ltr'>estin</span> <span class='ocrx_word' id='word_1_257' title='bbox 1159 3505 1293 3566; x_wconf 87' lang='lat' dir='ltr'>quaeun-</span> 
     </span>
     <span class='ocr_line' id='line_1_36' title="bbox 370 3570 1251 3650; baseline 0.006 -20"><span class='ocrx_word' id='word_1_258' title='bbox 370 3589 499 3650; x_wconf 79' lang='lat' dir='ltr'>quere,</span> <span class='ocrx_word' id='word_1_259' title='bbox 531 3587 610 3650; x_wconf 86' lang='lat' dir='ltr'>quae</span> <span class='ocrx_word' id='word_1_260' title='bbox 631 3578 741 3632; x_wconf 67' lang='lat' dir='ltr'>uonna</span> <span class='ocrx_word' id='word_1_261' title='bbox 763 3572 820 3630; x_wconf 90' lang='lat' dir='ltr'>Dei</span> <span class='ocrx_word' id='word_1_262' title='bbox 844 3577 1041 3650; x_wconf 76' lang='lat' dir='ltr'>praeceptum</span> <span class='ocrx_word' id='word_1_263' title='bbox 1063 3589 1126 3631; x_wconf 91' lang='lat' dir='ltr'>non</span> <span class='ocrx_word' id='word_1_264' title='bbox 1151 3570 1251 3634; x_wconf 84' lang='lat' dir='ltr'>suerit.</span> 
     </span>
    </p>

    <p class='ocr_par' dir='ltr' id='par_1_6' title="bbox 369 3649 1383 3816">
     <span class='ocr_line' id='line_1_37' title="bbox 453 3649 1290 3736; baseline -0.002 -23"><span class='ocrx_word' id='word_1_265' title='bbox 453 3654 553 3732; x_wconf 81' lang='lat' dir='ltr'>Haeo,</span> <span class='ocrx_word' id='word_1_266' title='bbox 580 3657 726 3736; x_wconf 78' lang='lat' dir='ltr'>inquam,</span> <span class='ocrx_word' id='word_1_267' title='bbox 746 3656 825 3714; x_wconf 84' lang='lat' dir='ltr'>ratio</span> <span class='ocrx_word' id='word_1_268' title='bbox 845 3655 937 3714; x_wconf 82' lang='lat' dir='ltr'>t&#39;ortis</span> <span class='ocrx_word' id='word_1_269' title='bbox 959 3660 1021 3727; x_wconf 74' lang='lat' dir='ltr'>est,</span> <span class='ocrx_word' id='word_1_270' title='bbox 1053 3660 1084 3713; x_wconf 88' lang='lat' dir='ltr'>et</span> <span class='ocrx_word' id='word_1_271' title='bbox 1105 3649 1290 3731; x_wconf 82' lang='lat' dir='ltr'>insolubilis,</span> 
     </span>
     <span class='ocr_line' id='line_1_38' title="bbox 369 3736 1383 3816; baseline -0.004 -17"><span class='ocrx_word' id='word_1_272' title='bbox 369 3746 402 3799; x_wconf 86' lang='lat' dir='ltr'>et</span> <span class='ocrx_word' id='word_1_273' title='bbox 431 3757 472 3798; x_wconf 86' lang='lat' dir='ltr'>ex</span> <span class='ocrx_word' id='word_1_274' title='bbox 499 3738 536 3796; x_wconf 89' lang='lat' dir='ltr'>iis</span> <span class='ocrx_word' id='word_1_275' title='bbox 558 3745 689 3816; x_wconf 86' lang='lat' dir='ltr'>possunt</span> <span class='ocrx_word' id='word_1_276' title='bbox 715 3737 836 3798; x_wconf 80' lang='lat' dir='ltr'>multae·</span> <span class='ocrx_word' id='word_1_277' title='bbox 859 3737 939 3797; x_wconf 87' lang='lat' dir='ltr'>aliae</span> <span class='ocrx_word' id='word_1_278' title='bbox 958 3737 1100 3803; x_wconf 68' lang='lat' dir='ltr'>&#39;formarit</span> <span class='ocrx_word' id='word_1_279' title='bbox 1140 3737 1212 3816; x_wconf 83' lang='lat' dir='ltr'>quin</span> <span class='ocrx_word' id='word_1_280' title='bbox 1235 3736 1294 3796; x_wconf 87' lang='lat' dir='ltr'>huo</span> <span class='ocrx_word' id='word_1_281' title='bbox 1382 3813 1383 3816; x_wconf 7' lang='grc' dir='ltr'><strong>Ἴ</strong></span> 
     </span>
    </p>
   </div>
   <div class='ocr_carea' id='block_1_3' title="bbox 369 3941 1293 4157">
    <p class='ocr_par' dir='ltr' id='par_1_7' title="bbox 369 3941 1293 4157">
     <span class='ocr_line' id='line_1_39' title="bbox 405 3941 1293 4012; baseline -0.007 -12"><span class='ocrx_word' id='word_1_282' title='bbox 405 3947 437 4011; x_wconf 81' lang='grc'>1)</span> <span class='ocrx_word' id='word_1_283' title='bbox 459 3947 489 3997; x_wconf 92' lang='lat' dir='ltr'>ln</span> <span class='ocrx_word' id='word_1_284' title='bbox 508 3946 551 3998; x_wconf 89' lang='lat' dir='ltr'>ed.</span> <span class='ocrx_word' id='word_1_285' title='bbox 570 3948 677 4012; x_wconf 83' lang='lat' dir='ltr'>priore:</span> <span class='ocrx_word' id='word_1_286' title='bbox 704 3952 778 4000; x_wconf 87' lang='lat' dir='ltr'>certe</span> <span class='ocrx_word' id='word_1_287' title='bbox 798 3948 907 4012; x_wconf 86' lang='lat' dir='ltr'>oportet</span> <span class='ocrx_word' id='word_1_288' title='bbox 924 3943 976 3996; x_wconf 88' lang='lat' dir='ltr'>Dei</span> <span class='ocrx_word' id='word_1_289' title='bbox 997 3942 1201 4010; x_wconf 85' lang='lat' dir='ltr'>ordinationem</span> <span class='ocrx_word' id='word_1_290' title='bbox 1222 3941 1293 3994; x_wconf 85' lang='lat' dir='ltr'>hanc</span> 
     </span>
     <span class='ocr_line' id='line_1_40' title="bbox 369 4015 1044 4085; baseline -0.006 -14"><span class='ocrx_word' id='word_1_291' title='bbox 369 4034 425 4071; x_wconf 92' lang='lat' dir='ltr'>non</span> <span class='ocrx_word' id='word_1_292' title='bbox 444 4020 617 4085; x_wconf 83' lang='lat' dir='ltr'>impugnare.</span> <span class='ocrx_word' id='word_1_293' title='bbox 654 4017 682 4084; x_wconf 83' lang='lat'>2)</span> <span class='ocrx_word' id='word_1_294' title='bbox 703 4016 787 4072; x_wconf 79' lang='lat' dir='ltr'>ibid:</span> <span class='ocrx_word' id='word_1_295' title='bbox 808 4030 875 4068; x_wconf 86' lang='lat' dir='ltr'>suas</span> <span class='ocrx_word' id='word_1_296' title='bbox 895 4015 1044 4068; x_wconf 83' lang='lat' dir='ltr'>autoritati.</span> 
     </span>
     <span class='ocr_line' id='line_1_41' title="bbox 405 4087 619 4157; baseline -0.014 -16"><span class='ocrx_word' id='word_1_297' title='bbox 405 4090 437 4157; x_wconf 71' lang='lat' dir='ltr'>‘J</span> <span class='ocrx_word' id='word_1_298' title='bbox 459 4089 483 4140; x_wconf 88' lang='lat'>1.</span> <span class='ocrx_word' id='word_1_299' title='bbox 504 4088 573 4140; x_wconf 82' lang='lat' dir='ltr'>Patr.</span> <span class='ocrx_word' id='word_1_300' title='bbox 593 4087 619 4142; x_wconf 79' lang='lat'>3.</span> 
     </span>
    </p>
   </div>
   <div class='ocr_carea' id='block_1_4' title="bbox 0 0 1542 4775">
    <p class='ocr_par' dir='ltr' id='par_1_8' title="bbox 0 0 1542 4775">
     <span class='ocr_line' id='line_1_42' title="bbox 0 0 1542 4775; baseline 0 1"><span class='ocrx_word' id='word_1_301' title='bbox 0 0 1542 4775; x_wconf 95' lang='lat' dir='ltr'> </span> 
     </span>
    </p>
   </div>
  </div>
 </body>
</html>
