3075 4775
567 552 723 606 alimonis
743 556 867 621 exesum
1133 546 1183 618 ω
1262 574 1267 589 ¹

484 737 976 801 llantLutlrerus.

343 906 414 966 Duo
443 905 517 965 mihi
541 903 721 964 incumbunt
741 903 878 984 agenda,
907 906 1037 982 primum
1058 924 1185 986 respon-

263 987 395 1050 dendum
419 986 682 1051 confutationibus
704 988 821 1068 egregii
842 987 879 1050 D.
899 989 946 1066 D.,
969 989 1105 1050 seeundo
1127 1008 1183 1068 pro

263 1073 477 1133 conventionis
499 1077 591 1151 paolo
615 1070 848 1154 opponendum
857 1071 948 1134 idem.
970 1071 1010 1153 Et
1029 1073 1102 1152 quia
1122 1073 1183 1133 iam

265 1155 365 1216 triduo
386 1155 542 1235 respondi,
564 1161 746 1235 tempusque
761 1160 977 1236 consumptum
1000 1161 1057 1234 est
1078 1160 1113 1216 ut
1127 1154 1199 1217 nee¹

262 1259 355 1300 unum
378 1240 497 1320 possim
519 1237 655 1320 explere,
677 1236 752 1299 dieo'
770 1238 911 1301 breviter.
966 1256 977 1278 ⁸
1052 1274 1055 1280 ,
1188 1246 1193 1254 “

343 1321 439 1398 Quod
471 1323 575 1384 omnid
604 1322 730 1382 induota
746 1327 809 1402 iper
829 1323 986 1404 egregium
1007 1322 1045 1382 D.
1067 1321 1107 1382 D.
1128 1340 1178 1382 oo

262 1407 439 1486 piosissime
461 1404 583 1484 quidem
606 1413 677 1466 sunt
697 1404 797 1481 diota,
824 1407 880 1466 sed
901 1424 1031 1486 prorsus¹
1048 1403 1124 1466 nihil
1144 1404 1185 1465 sd

261 1509 412 1570 sappum,
441 1507 508 1550 oum
531 1490 592 1549 iem
614 1493 751 1569 perstres
773 1488 840 1550 dies
862 1489 1051 1570 promiserit,
1079 1487 1184 1570 divino

261 1575 326 1634 inre
341 1579 480 1634 aelurum
504 1591 538 1632 se
561 1578 669 1632 eontra
689 1591 759 1650 me,
788 1591 849 1635 nse
883 1572 984 1633 adhue
1012 1571 1118 1632 andita
1138 1577 1187 1632 est

262 1657 495 1718 una‘eutoritas
513 1655 608 1738 divini
629 1654 721 1732 iuris,
755 1662 879 1734 praeter
898 1655 983 1716 illam
1005 1655 1112 1716 Matth.
1136 1657 1185 1733 16,

263 1759 356 1820 quam
380 1757 489 1801 omnes
513 1738 703 1817 audivimus,
728 1756 820 1818 quam
841 1740 926 1800 varie
947 1744 1095 1799 tractetur
1114 1757 1135 1798 a
1153 1737 1185 1800 S.

162 1887 163 1896 χ
263 1823 413 1900 Patribus,
437 1830 468 1883 et
490 1823 573 1902 quod
595 1823 694 1883 maior
715 1840 787 1901 pars
810 1840 977 1902 eorumque
992 1823 1099 1900 sanior
1119 1840 1186 1882 sen-

262 1908 361 1968 tentia
394 1924 450 1988 pro
479 1925 531 1966 me
552 1911 620 1966 stet.
661 1905 762 1966 Unum
793 1907 861 1984 ipse
888 1906 991 1968 loeum
1014 1905 1187 1985 Augustini,
1293 1919 1304 1946 ¹

162 2015 163 2042 ι
262 1997 292 2050 et
312 1990 447 2050 alterum
469 1988 622 2050 Ambrosii
656 2007 711 2069 pro
736 2007 770 2049 se
792 1987 936 2066 adduxit,
958 1993 1059 2048 estora
1081 1981 1199 2049 omnis’

261 2074 385 2134 iuemnt
407 2071 558 2133 voeabule
578 2071 705 2152 Pelagii,
728 2071 1026 2155 Anaeleti‚·eorum‚
1046 2072 1098 2150 qui
1120 2072 1187 2132 iuna

162 2187 163 2194 κ
262 2156 398 2216 humane
432 2155 687 2235 oonsoripserunt
730 2153 902 2235 Cyprianus
918 2173 996 2216 vero
1017 2154 1082 2214 lere
1103 2160 1186 2214 totus

162 2297 163 2304 ,
263 2257 386 2300 meeum
424 2240 531 2313 sentit,
564 2237 648 2318 quod
682 2239 841 2298 summitto
878 2238 993 2299 iudieio
1027 2236 1186 2318 prudentis

264 2323 399 2384 lectoris.
442 2320 588 2383 Similiter
614 2327 645 2382 et
666 2321 851 2382 elarissimus
880 2327 983 2382 textus
1002 2319 1187 2402 Hieronymi

263 2406 301 2468 ad
322 2406 510 2486 Evagrium,
538 2411 568 2466 et
588 2423 680 2486 super
703 2404 815 2465 Titum.
849 2405 970 2466 Deinde
990 2404 1133 2485 Gregorii
1153 2406 1186 2465 in

263 2491 394 2571 registro
416 2507 583 2568 persensa
604 2488 699 2549 ferme
721 2488 879 2568 epistolas.
901 2488 975 2550 Post
993 2488 1072 2551 haee
1092 2487 1186 2549 histo·

263 2574 326 2634 riae
350 2579 382 2633 et
406 2590 478 2632 usus
501 2572 658 2633 orientalis
679 2571 840 2633 eeclesiae.
868 2572 977 2651 Neque
998 2572 1080 2632 enirn
1100 2571 1186 2649 quid·
1275 2590 1279 2596 ’

264 2674 356 2737 quern
377 2655 457 2718 lenit.
472 2653 511 2715 sd
532 2674 608 2733 rem,
631 2652 714 2733 quod
736 2655 774 2715 D.
795 2648 833 2718 Ι).
856 2655 1068 2719 schismaticos
1089 2653 1187 2715 (irso-

265 2758 318 2800 eos
339 2738 510 2821 allegavit,
531 2738 708 2799 Nestorium
731 2745 763 2798 et
785 2745 926 2815 eeteros,
947 2756 1011 2798 non
1033 2742 1122 2797 erant
1140 2736 1186 2797 illi
1248 2783 1261 2809 ,

266 2822 418 2883 eoelesiee
440 2820 605 2883 orientalis.
649 2820 780 2881 Possum
802 2828 834 2881 et
855 2839 915 2902 ego
938 2821 1065 2881 latinam
1087 2818 1185 2881 eoele-

265 2906 340 2967 siam
364 2905 410 2965 sie
431 2903 620 2983 describere,
646 2922 702 2983 per
723 2904 883 2983 Pelagius,
904 2902 1113 2977 traniensem,
1133 2902 1185 2963 Jo-

265 2988 416 3064 rinianos,
436 2986 671 3068 Vigilanlianos,
689 2986 891 3067 Helpidianos
915 2993 946 3048 et
967 2985 1079 3047 similia
1100 3002 1185 3046 mon·
1256 2993 1261 3002 “

265 3076 335 3131 stro„
372 3069 433 3131 Sed
457 3070 555 3147 absit,
576 3077 611 3130 ut
631 3076 757 3150 propter
778 3088 895 3149 peueos
918 3070 1017 3133 malos
1038 3074 1070 3129 et
1090 3067 1184 3131 soliis-

265 3155 394 3215 ruatieos
417 3159 513 3215 totam
536 3152 669 3232 aliquam
690 3152 853 3213 eeolesiam
882 3152 1109 3216 sohismstiesm
1132 3170 1185 3231 ap·

284 3236 387 3298 ollem.
1161 3283 1164 3289 ,

264 3256 283 3316 p
347 3319 460 3379 Cetera
477 3336 539 3378 non
562 3324 672 3399 potero
693 3319 848 3399 prosequi.
892 3316 933 3379 Et
958 3336 1083 3380 reservo
1110 3315 1185 3397 mihi

266 3403 431 3481 praeeipue
463 3401 607 3462 ertieulos
638 3399 788 3462 Johannis
810 3401 910 3470 Huss,
938 3402 1013 3461 mihi
1034 3400 1185 3478 obiectos,

267 3491 296 3545 et
314 3486 397 3545 inter
416 3503 471 3545 eos
493 3485 694 3545 novissimum
717 3483 755 3545 de
771 3484 913 3545 humanis
935 3484 1054 3545 antibus
1074 3483 1114 3544 ad
1136 3501 1185 3544 ea-

266 3567 377 3629 lamum
401 3573 433 3628 et
457 3585 626 3648 papyrum,
655 3572 686 3627 et
714 3572 817 3629 oetere
844 3568 964 3645 omnia,
992 3586 1071 3647 quae
1092 3565 1185 3628 lrabe-

265 3649 333 3711 bem
356 3668 539 3731 opponere,
562 3657 596 3711 ut
618 3668 697 3730 quoe
717 3650 767 3711 irie
788 3650 890 3711 lacere
911 3668 975 3711 non
992 3651 1109 3730 possim
1132 3668 1184 3711 ex-

266 3733 368 3794 olusus
392 3734 501 3813 spatiis
518 3738 671 3813 praestem
694 3753 749 3813 per
771 3732 976 3813 scripturam,
996 3732 1132 3812 veloque
1150 3733 1183 3791 in

266 3816 325 3877 lroo
348 3816 462 3878 eedere
476 3822 507 3877 et
516 3815 689 3878 obedivisse
702 3816 896 3877 illustrissimi
910 3816 1058 3897 Prinoipis
1070 3814 1184 3876 studio·
1309 3847 1312 3856 .

266 3918 329 3959 rum
340 3900 465 3961 Patroni
484 3899 712 3969 elementissimi
724 3900 826 3978 iussis,
842 3898 880 3960 de
895 3918 956 3979 quo
968 3918 1024 3959 vos
1034 3899 1183 3959 Dominos

265 3981 408 4047 Notarios
430 3984 616 4063 requiro,.et
630 3982 786 4045 auditores
807 3984 839 4043 iu
860 3984 1068 4045 testimoninm
1092 3996 1184 4041 roeo.
1293 4026 1298 4034 .
