3075 4775
353 570 418 639 220
653 590 657 603 ⁸
690 576 788 628 Sermo
807 576 917 628 Lutlreri

355 760 489 903 possint,
517 714 548 821 (ιι
581 780 759 841 germanam
781 762 965 821 sententiam
999 761 1183 842 explicatius
1216 768 1278 821 tra·

376 864 435 904 am.

434 1084 446 1101 ⁸
489 1010 697 1071 Enarratio
729 1030 865 1090 evang.
892 1010 1023 1072 Matth.
1046 1010 1136 1070 XVI.

612 1145 644 1205 lu
668 1146 747 1207 festo
770 1145 852 1205 Petri
874 1152 905 1206 et
926 1144 1022 1209 Pauli.

436 1264 505 1324 Hoc
541 1264 736 1344 evangelium
771 1264 944 1324 universam
983 1265 1142 1324 materiam
1180 1264 1278 1323 totius

354 1348 576 1427 Disputationis
598 1347 648 1406 hic
670 1348 803 1427 agitatae
825 1349 978 1426 continet,
999 1367 1071 1407 narn
1094 1347 1134 1406 de
1151 1346 1279 1407 duabus

354 1432 444 1493 rebus
467 1432 659 1510 potissimum
682 1432 836 1509 loquitur,
858 1432 956 1511 primo
980 1430 1019 1490 de
1041 1432 1142 1511 gratia
1162 1430 1223 1489 Dei
1245 1436 1279 1489 et

271 1520 274 1532 '
353 1514 451 1574 libera
472 1514 630 1574 voluntate
600 1520 777 1590 t‚nostra
799 1514 935 1574 secundo
958 1514 997 1573 de
1018 1520 1174 1610 potestate
1192 1514 1278 1574 Petri

355 1604 386 1658 et
420 1598 560 1657 clavium
603 1596 692 1657 Prior
722 1597 865 1657 invadit
860 1616 1020 1677 magnos,
1053 1598 1212 1676 sapientes
1247 1603 1280 1657 et

301 1673 304 1684 ’
354 1687 495 1757 sanctos
524 1699 601 1759 quos
624 1676 780 1741 omnino
771 1702 803 1740 ιι
825 1681 952 1741 nihilum
973 1680 1113 1759 redigere
1135 1687 1278 1755 conatur

355 1784 423 1823 curn
447 1765 503 1843 ipsi
527 1764 664 1844 persuasi
687 1765 764 1844 siut,
798 1784 832 1825 se
864 1784 918 1823 sua
940 1765 1093 1843 sapientia
1121 1770 1154 1824 et
1174 1765 1279 1842 operi·

355 1847 410 1907 bus
433 1848 538 1907 omnia
559 1866 653 1943 posse
685 1847 817 1908 efficere.
860 1848 954 1927 Atqui
976 1848 1125 1907 Dominus
1148 1847 1198 1905 hic
1223 1847 1278 1906 do-

354 1940 404 1990 cet
424 1930 617 1990 haecomnia
638 1930 712 1989 nihil
735 1950 815 2004 esse
839 1930 984 2009 quidquid
1006 1937 1131 1990 caroet
1148 1931 1279 2012 sanguis

355 2020 401 2073 est
424 2023 455 2073 et
477 2020 596 2093 potest:
620 2013 768 2109 siquidem
792 2014 953 2074 Christum
968 2032 1158 2109 cognoscere
1179 2032 1278 2073 nemo

353 2104 467 2177 potest,
489 2097 585 2157 multo
600 2098 698 2155 minus
711 2099 809 2175 sequi
810 2089 931 2157 carnis
954 2103 986 2156 et
996 2116 1153 2177 sanguinis
1168 2096 1277 2173 ductu,

349 2179 408 2240 sed
432 2188 464 2239 ιι
485 2180 585 2256 Pater,
608 2180 659 2259 (ιιι
680 2181 710 2239 in
733 2181 829 2249 coelis
851 2189 915 2255 est
937 2180 1063 2258 revelet,
1086 2187 1222 2276 oportet
1244 2180 1278 2239 id

354 2262 437 2340 quod
459 2263 509 2322 hie
531 2262 603 2323 divo
625 2264 716 2323 Petro
732 2257 860 2323 accidit.
902 2264 1000 2323 Hoc
992 2283 1091 2343 ipsum
1115 2264 1241 2323 e'tiam
1231 2283 1277 2322 rn-

354 2346 428 2425 nuit,
451 2345 534 2425 quod
556 2347 689 2426 quaerit:
712 2346 794 2422 Quid
816 2346 958 2409 homines
981 2348 1020 2407 de
1042 2366 1076 2408 se
1098 2347 1285 2444 loquenten·

353 2449 412 2489 nee
442 2430 561 2508 aliquid
589 2437 691 2490 certae
726 2437 756 2490 et
791 2429 898 2491 firmae
932 2432 1143 2510 responsionis
1158 2430 1276 2526 datur,

354 2531 459 2572 verum
482 2515 586 2572 variae
609 2521 639 2573 et
661 2514 841 2573 vacillantes
855 2513 1018 2594 opssriones
1040 2508 1167 2610 vulgi
1145 2533 1277 2592 percen-

354 2604 468 2656 sentur.
512 2595 581 2670 Quo
604 2596 764 2675 quidem'
756 2616 825 2676 ipso
848 2598 1085 2660 ostenditurt
1043 2599 1070 2657 ci
1072 2604 1120 2657 tra
1140 2599 1276 2677 gratiam

353 2679 410 2739 Dei
433 2679 492 2739 hac
514 2679 637 2739 stillae
659 2679 819 2758 decliner-ip
840 2687 871 2740 et
891 2682 1025 2741 incertas
1048 2681 1213 2760 opiniones
1236 2681 1277 2741 de
1326 2747 1333 2758 Ι

353 2761 474 2822 Christo
497 2761 594 2842 fingi,
606 2763 706 2823 donec
720 2763 811 2823 Pater
831 2765 994 2843 revelett
995 2785 1045 2824 um
1060 2763 1185 2824 demum
1199 2783 1274 2844 eog-

354 2847 456 2905 noscit
478 2845 582 2932 homo,
606 2847 676 2925 quid
701 2846 839 2906 Christus
860 2849 909 2907 sit.
1207 2897 1215 2912 .

435 2929 483 2988 Ex
504 2921 575 2988 hoc
606 2931 705 3008 sequit
706 2950 758 3004 ur
794 2929 922 2989 liberum
950 2929 1105 2991 arbitrium
1129 2929 1276 3007 hominis,

354 3011 521 3090 quamlibet
544 3011 684 3074 laudibus
707 2976 850 3089 vellatur,
878 3029 923 3073 ex
944 3014 1069 3092 seipso
1091 3012 1165 3072 nihil
1187 3032 1276 3092 pror·

353 3113 535 3174 suspense,
558 3097 667 3156 necin
690 3114 746 3155 sua
769 3115 839 3156 esse
860 3116 902 3176 po
904 3102 1016 3157 testate
1044 3096 1127 3156 bona
1157 3115 1276 3176 cogno-

353 3197 440 3238 scere
461 3188 515 3239 aut
535 3178 654 3258 faeere,
690 3178 744 3238 sed
766 3178 797 3238 id
820 3199 889 3240 esse
919 3186 1035 3239 tantum
1065 3180 1184 3262 gratiae
1205 3179 1275 3256 oei,

354 3279 433 3339 quae
453 3263 553 3342 ipsum
576 3261 703 3323 liberum
726 3262 926 3342 redditque
947 3263 1154 3323 destitutum
1145 3282 1177 3322 ιι
1202 3281 1275 3342 pec

355 3345 430 3404 eatis
453 3351 483 3405 et
506 3345 658 3407 erroribus
676 3347 831 3425 captivum
853 3348 943 3424 iacet,
965 3351 997 3406 et
1018 3365 1073 3425 per
1095 3365 1129 3405 se
1149 3345 1274 3405 liberari

354 3429 467 3506 nequit.
448 3428 596 3489 tSicut
624 3435 656 3489 et
676 3429 815 3489 Christus
842 3393 949 3490 lohad.
972 3431 1010 3492 8:
1045 3430 1167 3488 Veritas
1199 3429 1275 3489 libe

353 3509 433 3571 rabit
420 3518 539 3590 vtos·
578 3519 614 3572 et
646 3501 738 3593 paulo
775 3519 864 3592 post:
897 3513 956 3588 Qui
991 3513 1066 3572 iacit
1100 3519 1274 3607 peccatum

354 3614 460 3654 servus
490 3602 537 3655 est
557 3602 687 3674 peccati.
731 3594 844 3656 Servus
878 3603 980 3656 autem
1010 3613 1073 3655 non
1104 3603 1211 3655 manet
1241 3597 1273 3654 ιι

317 3689 321 3716 ·
354 3677 477 3738 domo
469 3699 499 3738 ιι
524 3686 703 3758 aeternum
737 3678 817 3737 filius
840 3687 946 3739 manet
974 3680 1006 3737 ιι
1027 3685 1198 3740 aeternum.
1242 3679 1274 3739 si

355 3780 429 3842 ergo
452 3779 508 3822 vos
530 3763 623 3822 Filius
646 3761 961 3837 liberosreddiderit
983 3781 1058 3821 vere
1079 3761 1165 3821 liberi
1190 3764 1273 3821 estis.

356 3847 452 3904 itaet
473 3844 560 3905 divus
582 3845 694 3904 Paulus
707 3846 798 3908 Rom
812 3847 840 3908 3.
862 3847 922 3904 ait:
945 3845 1014 3904 Non
1037 3853 1085 3905 est
1106 3844 1274 3912 distinctio

355 3946 463 3987 omnes
498 3929 577 3986 euim
615 3935 842 4008 peceaverunt,
879 3947 917 3987 ac
939 3929 1144 3988 destituuntur
1174 3929 1275 4023 gloria

354 4010 421 4070 Dei
445 4009 497 4068 Et
474 4010 601 4104 tpaulo
624 4025 717 4089 supra
739 4031 778 4070 ex
799 4010 880 4073 Psal,
907 4013 943 4073 14
964 4019 996 4070 et
1005 4015 1063 4075 53
1084 4010 1174 4070 dicit:
1202 3995 1275 4070 Non'

355 4098 406 4152 est
422 4089 536 4169 iustus,
558 4112 599 4153 ne
620 4112 697 4152 unus
721 4092 859 4173 quidem,
880 4111 944 4156 non
966 4095 1088 4174 estqui
1111 4093 1273 4174 intelligat,
