3075 4775
336 507 400 578 Μ
566 512 661 569 Resol.
680 513 706 566 ι.
725 526 810 581 saper
827 511 1012 581 Propoetidas

1013 620 1022 655 l

422 698 583 761 &solutio
612 698 798 761 Lutberiana
835 718 928 781 super
959 700 1175 783 propositione
1206 716 1264 759 sna
1373 684 1374 703 ¹

341 784 438 845 tersia
459 782 580 843 deoims
601 782 640 843 de
662 790 817 863 potestate
831 802 932 863 papae
957 791 999 857 (s.
1022 783 1040 842 l.
1063 790 1096 845 et
1115 787 1184 861 ως
1204 801 1265 843 sex

334 873 481 946 'quatern
503 866 595 926 Tituli
609 866 724 946 pagina
737 866 837 927 literis
847 866 1030 946 capitalibus
1041 874 1091 927 est
1100 868 1264 946 impressa.

423 949 587 1011 Resolutio
619 949 806 1009 Lutberiana
839 968 932 1031 super
958 950 1174 1031 propositione
1206 965 1265 1009 sua

340 1033 464 1093 deoima
484 1034 584 1112 tertia,
606 1033 653 1093 De
664 1040 819 1112 potestate
832 1033 946 1113 Papae,
967 1035 997 1095 4.
1020 1032 1098 1115 11¹!²
1122 1040 1263 1113 quatern.
1373 1086 1374 1109 p

340 1116 433 1177 Tituli
454 1117 569 1198 pagina
602 1123 634 1177 et
654 1115 823 1177 maioribus
853 1125 885 1177 et
905 1116 1073 1177 minoribus
1098 1116 1194 1176 literis
1214 1133 1265 1175 es·
1373 1116 1374 1181 Ϊ

341 1198 492 1280 pitulibus
514 1207 563 1260 est
582 1200 742 1278 impressa.
850 1272 855 1279 .

424 1283 587 1343 Resolutio
599 1282 787 1343 Lutheriuna
806 1302 898 1362 super
908 1284 1124 1363 propositione
1144 1281 1268 1341 dasium

342 1368 446 1425 tertis:
469 1364 509 1425 de
530 1372 688 1444 potestate
705 1385 822 1446 papae:
844 1372 1051 1445 pertuturem
1066 1364 1266 1445 locupletata.

339 1448 372 1508 ln
404 1449 477 1508 line:
510 1448 632 1527 Lipsiae
668 1469 709 1509 ex
731 1448 868 1509 Aedibus
891 1448 1046 1509 Valentini
1070 1448 1259 1509 Sebumaun.

342 1535 434 1592 Anno
468 1530 586 1591 domini
607 1531 771 1593 Millesimo
805 1533 1018 1613 quingentimo
1048 1532 1211 1613 vigesimo
1235 1531 1267 1592 4.
1373 1556 1374 1563 ¹

699 1614 833 1691 (Panzer
855 1635 925 1675 ann.
949 1622 1014 1695 typ.
1037 1614 1103 1692 Vll,
1126 1616 1217 1685 215.)

700 1757 908 1767 -ο--ι--ι-η

544 1878 766 1974 Rssolutio
796 1878 1065 1975 botheriaue

344 2086 467 2147 super
512 2066 798 2146 Propositione
839 2065 917 2129 Xlll.
970 2066 1015 2127 de
1059 2074 1270 2147 potestate

442 2149 589 2230 Papae,
610 2170 680 2228 per
700 2157 878 2211 autorem
900 2148 1164 2230 locupletata.

711 2267 729 2326 J
752 2286 770 2327 e
792 2287 807 2326 s
829 2287 849 2326 u
871 2286 895 2327 s.

348 2383 496 2444 ldartinus
517 2384 632 2446 Luther
652 2384 707 2446 Pio
728 2385 851 2448 Laetori
878 2385 1007 2446 salutem
1037 2387 1067 2446 in
1091 2384 1216 2446 Obristo
1232 2388 1271 2458 ¹).

429 2501 528 2582 Super
561 2501 827 2582 propositionibus
866 2501 1016 2564 tredecim
1048 2503 1269 2564 Resolutiones

216 2613 232 2628 ν
346 2605 429 2646 meas
451 2578 550 2665 nup'er
577 2586 775 2646 tumultuario
805 2587 932 2668 negotio
957 2585 1055 2665 edidi,
1089 2595 1123 2646 ut
1150 2587 1272 2648 ferebat

383 2755 415 2825 1)
439 2756 469 2808 ln
487 2756 610 2810 editione
641 2758 748 2825 priore.
778 2772 835 2810 non
858 2755 1042 2826 locupletata,
1072 2757 1142 2810 hseo
1168 2756 1273 2826 legitur

345 2830 498 2897 praelatio:
689 2828 733 2880 sd
752 2829 903 2883 lectorem.

381 2900 474 2970 Cogor
485 2915 538 2968 ego
554 2899 631 2952 solus
644 2903 701 2953 fers
719 2899 879 2953 mortalium
894 2899 1126 2968 disputationibus
1141 2901 1212 2954 meis
1224 2905 1273 2952 aut

350 2972 458 3024 nullum
477 2973 643 3024 interserere
669 2971 842 3041 paradoxum
870 2977 917 3024 sut
941 2985 1009 3024 mox
1029 2971 1111 3023 simul
1130 2970 1272 3025 effundere

345 3050 432 3097 totum
449 3048 595 3097 secretum.
614 3042 693 3096 Adeo
704 3046 789 3097 ceteri
798 3059 905 3109 omues,
920 3056 981 3095 curn
995 3043 1139 3096 ambulent
1149 3045 1177 3096 in
1190 3045 1273 3096 mire

345 3117 447 3169 bilibus
456 3131 539 3184 snper
547 3121 610 3168 sest
621 3116 768 3169 nonmodo
778 3115 989 3184 paradoxotata‚
1004 3113 1272 3184 sedetpseudodox-

345 3194 421 3240 otats
437 3190 641 3256 proposuerint,
652 3188 837 3242 hanehabent
847 3189 974 3256 gratiam,
986 3187 1107 3256 utlouge
1118 3186 1272 3256 distingua-

345 3267 389 3312 tur
400 3261 522 3327 interea‚
542 3276 613 3328 quse
624 3263 822 3326 sieostentant,
835 3266 862 3312 et
874 3274 908 3312 es
926 3273 997 3326 quse
1016 3257 1099 3326 plene
1116 3261 1145 3312 in
1164 3259 1272 3328 populo

347 3330 447 3384 docent
458 3338 506 3383 sut
519 3331 593 3384 domi
604 3332 778 3400 fabulantur3
790 3348 860 3384 unus
869 3335 910 3386 est
921 3330 1066 3398 Lutherus,
1080 3333 1127 3398 qui
1139 3337 1273 3400 etprovo·
1373 3373 1374 3386 .

237 3431 243 3442 .
352 3408 430 3453 eatur
450 3408 477 3454 et
497 3405 524 3454 vi
543 3405 649 3471 rapitur
674 3403 709 3456 ad
730 3419 854 3472 pugnam
874 3402 1105 3472 disputationem,
1134 3407 1162 3456 st
1189 3403 1272 3455 simul
1371 3447 1374 3474 .

254 3501 256 3506 ν
346 3475 467 3544 exigitur
486 3472 577 3527 dioere
602 3480 629 3528 et.
649 3477 782 3528 rationem
802 3483 865 3527 aute
884 3479 993 3542 tempus
1012 3473 1142 3539 reddere,
1167 3480 1216 3526 aut
1235 3473 1273 3526 ita

347 3545 444 3610 dicere„
458 3544 655 3614 disputaturus,
676 3553 706 3598 ut
724 3563 741 3598 a
760 3545 927 3600 cerdonibus
945 3559 1055 3614 qnoque
1073 3545 1192 3614 intelligi
1211 3561 1274 3612 pos·

345 3618 390 3670 sit.
429 3616 510 3682 Quod
529 3620 553 3670 si
572 3635 628 3672 uon
648 3621 756 3680 tenero,
788 3634 856 3671 mox
883 3617 1054 3684 haereticus,
1081 3617 1271 3686 blasphemus,

348 3687 532 3741 scandalosns
551 3705 622 3754 sum,
641 3692 681 3742 sio
699 3706 763 3743 mea
776 3689 859 3743 habet
877 3703 950 3756 sors,
969 3689 1007 3742 mi
1026 3687 1122 3754 lector,
1142 3688 1191 3742 sed
1213 3705 1271 3743 non

349 3762 443 3812 timeo.
464 3759 554 3814 donee
575 3761 702 3814 Christus
722 3763 831 3825 vixerit,
852 3762 899 3828 qui
919 3759 1013 3827 simili,
1030 3761 1088 3814 imo
1109 3762 1217 3815 maiore
1233 3763 1273 3814 in·

349 3831 423 3884 vidia
440 3831 592 3895 laboravit,
615 3849 677 3886 cum
696 3835 754 3887 suis
775 3833 876 3886 divinis
896 3831 1050 3901 paradoxis
1069 3833 1205 3902 superbos
1224 3832 1272 3886 ial-

347 3904 425 3967 leret,
445 3908 476 3954 ut
497 3904 544 3969 qui
562 3902 686 3957 videntes
706 3911 784 3958 erant
805 3905 878 3958 caeci
898 3905 1009 3972 tierent,
1030 3919 1101 3972 quse
1120 3911 1214 3958 tamen
1232 3905 1272 3958 ni·

348 3974 455 4041 sipost
480 3975 669 4028 assensionem
700 3992 752 4029 suo
771 3981 897 4044 tempore
916 3991 966 4044 per
992 3975 1121 4044 spiritum
1145 3980 1270 4030 sanetum

349 4045 474 4098 revelare
495 4043 602 4111 noluit}
636 4107 637 4111 Ἰ

1026 4167 1039 4210 t
