3075 4775
552 557 613 611 adv.
633 557 700 612 l’lril.
717 557 968 614 Helenebthouem.
1166 551 1231 620 489

309 765 381 824 pere
404 764 482 823 sum,
504 764 567 806 non
589 744 693 819 iudex,
716 750 818 806 tamen
838 743 1006 806 audaculus
1030 763 1090 805 nou
1110 747 1232 807 veretur

309 827 433 905 dicere,
450 847 517 889 ‘me
539 828 678 890 attulisse
699 829 927 909 impertinentia
949 847 988 888 ex
1011 827 1040 889 S.
1064 827 1232 906 Bernardo‚

259 962 261 965 .
310 913 399 987 olim,
432 931 501 971 cum
526 911 730 992 publicabitur
751 910 782 982 ¹)
815 912 998 992 disputetis,
1038 911 1231 972 manifestum

310 996 378 1072 erit,
401 1015 441 1055 en
464 1014 569 1058 verum
594 994 706 1056 dixerit
727 994 963 1056 Grammaticus.

394 1080 432 1153 3)
453 1077 529 1138 (lum
557 1078 672 1139 bouum
696 1098 774 1159 opus
808 1079 953 1139 dixissem
986 1084 1084 1139 totum
1114 1095 1184 1138 esse
1214 1095 1234 1138 a

311 1161 394 1238 Deo,
430 1180 492 1221 non
515 1161 667 1239 totaliter,
699 1161 806 1222 irridet
825 1161 1045 1224 Grammaticis
1066 1162 1127 1221 hoc
1149 1160 1235 1222 velut

310 1251 519 1306 commentum
552 1243 712 1326 indignum
744 1246 906 1306 maiestate
936 1245 1127 1326 theologiae,
1163 1261 1232 1304 eum

309 1329 340 1388 in
363 1327 572 1406 disputatione
594 1327 677 1390 clare
698 1349 749 1390 me
764 1330 969 1408 exposuerim
1003 1327 1109 1388 Nescit
1130 1347 1232 1388 esseu-

310 1412 383 1471 tiam
405 1411 462 1471 Dei
486 1411 581 1471 videri
603 1417 701 1472 totam
723 1431 742 1471 a
764 1411 872 1489 besto,
905 1418 937 1472 et
966 1413 1037 1490 quia
1065 1430 1128 1472 nou
1152 1429 1233 1470 com·

302 1494 510 1573 ‚prehenditur
532 1514 551 1554 a
572 1494 683 1570 team,
703 1515 767 1556 uon
797 1495 918 1556 videtur
948 1495 1091 1556 totaliter.
1142 1493 1234 1569 Quid·

310 1576 389 1637 ditas
410 1579 533 1658 generis
555 1584 602 1637 cat
623 1583 690 1638 tota
710 1579 741 1638 in
764 1599 825 1638 uua
856 1579 981 1658 specie,
1018 1577 1073 1638 sed
1097 1597 1159 1637 non
1188 1583 1233 1638 to-

311 1661 426 1736 taliter,
463 1680 532 1720 oum
569 1662 662 1722 etiam
696 1663 736 1721 sit
774 1663 804 1721 in
839 1661 913 1740 alie,
957 1662 1001 1722 sic
1044 1662 1148 1722 anime
1187 1667 1235 1720 est

309 1750 376 1804 tota
402 1744 432 1803 in
462 1764 569 1821 manu,
601 1762 664 1804 non
686 1747 749 1823 sic,
784 1746 856 1824 quin
892 1745 983 1805 etiem
1013 1745 1053 1804 sit
1081 1745 1111 1804 iu
1143 1743 1233 1822 pede.

309 1826 362 1887 Sic
382 1825 497 1887 bonum
520 1845 598 1906 opus
621 1833 670 1886 est
692 1835 788 1888 totum
812 1848 831 1886 a
852 1828 934 1908 Deo,
967 1846 1029 1888 non
1052 1834 1155 1888 tamen
1180 1827 1234 1902 sic,

310 1911 383 1988 quin
406 1910 497 1970 etiem
520 1911 561 1969 sit
581 1929 601 1969 a
623 1909 720 1970 libero
743 1909 887 1980 arbitrio.
921 1913 992 1990 quie
1020 1910 1111 1971 simul
1139 1916 1255 1990 egunt¹

310 2011 372 2053 uon
396 1993 547 2069 vicissim,
571 1993 706 2073 mixtim,
734 2013 797 2053 uon
821 1994 987 2074 sigillatim.
1031 1993 1064 2054 ld
1086 2011 1234 2074 expresse

312 2077 355 2135 ait
377 2075 549 2136 Bernsrdue
570 2076 830 2155 pertinentissime
853 2077 891 2137 ed
915 2077 1116 2156 propositum.

394 2161 432 2231 4)
456 2158 664 2238 Ιωρτορεταῐ,
694 2159 778 2239 quod
802 2159 897 2220 multa
918 2160 1082 2220 inciviliter
1103 2159 1232 2220 dixerim

312 2248 419 2302 contra
441 2240 622 2321 Lemonum,
656 2250 688 2302 et
708 2243 843 2303 breviter
866 2245 970 2304 omnia
1000 2242 1169 2320 eiusmodi,
1203 2249 1236 2302 ut

311 2325 456 2385 invidiam
471 2324 605 2387 Luthero
629 2325 796 2388 conflarem
820 2327 902 2407 apud
923 2328 1058 2410 vulgum.
1091 2326 1169 2405 Hoc,
1190 2327 1235 2387 in-

311 2427 413 2487 quam,
435 2409 544 2469 falsum
568 2428 638 2469 esse
659 2417 813 2471 noverunt
834 2410 955 2470 candidi
986 2410 1152 2471 auditores.
1195 2410 1236 2471 Elt

311 2499 450 2552 munceio
478 2510 578 2551 meam
600 2490 689 2552 affert
708 2493 861 2552 rationem
891 2499 998 2553 contre
1020 2493 1185 2553 Lutbcrum
1199 2490 1231 2574 ²)

312 2574 352 2635 de
373 2577 474 2655 capite
496 2576 657 2637 eeclesiae.

393 2658 430 2733 b)
454 2658 546 2718 Ponit
566 2658 747 2738 Hieronymi
769 2665 800 2718 et
815 2657 959 2737 Cypriani
981 2657 1069 2718 locos
1092 2675 1148 2737 pro
1171 2675 1233 2715 cer·

311 2742 350 2801 tis
372 2760 391 2801 a
413 2760 462 2801 me
488 2740 645 2820 prolatos,
675 2742 727 2821 qui
749 2747 852 2801 tamen
879 2742 910 2801 in
934 2740 1058 2801 dubium
1079 2738 1234 2799 vocaban-

312 2834 368 2885 tur.
412 2824 491 2883 Vide
528 2842 700 2885 ceusorem.
743 2823 964 2903 Hieronymum
994 2823 1108 2883 adduxi
1141 2821 1232 2884 lib.1

312 2913 421 2967 contra
441 2908 633 2968 Iovinianum
661 2908 720 2968 col.
746 2908 801 2977 18,
835 2908 1020 2987 cyprianum
1048 2908 1080 2965 iu
1103 2905 1236 2985 epistola

312 2990 351 3051 ad
374 2989 544 3071 Pupienum
576 2989 626 3050 lib.
648 2992 678 3052 4.
700 2989 919 3071 Epistolcrnm.
962 2988 1059 3070 Legat
1080 2988 1236 3048 studiosus

311 3074 419 3148 lector.
442 3079 474 3133 et
495 3072 624 3147 iudicet,
657 3092 697 3133 au
720 3073 823 3133 locum
847 3072 977 3152 dubium,
993 3072 1173 3152 protulerim
1196 3070 1235 3131 de

313 3157 444 3236 primatu
467 3156 549 3215 Petri
572 3172 640 3215 cum
664 3156 733 3216 aliie
756 3156 833 3217 locis
857 3153 1126 3217 concordantibus.
1169 3154 1234 3215 lmo

311 3238 489 3319 syngrapha
509 3238 631 3300 Martini
654 3239 798 3318 probavi,
822 3238 1008 3319 Cypriorum
1033 3257 1071 3298 eo
1094 3237 1165 3297 loco
1189 3256 1234 3297 er-

312 3322 417 3382 bitrari
441 3322 604 3382 ecclesiam
633 3322 791 3382 fundatam
815 3342 907 3401 super
928 3322 1029 3382 Petro.
1073 3318 1134 3381 Sed
1156 3320 1235 3381 haec

311 3405 350 3465 ad
373 3404 498 3465 iudices.

395 3487 432 3567 6)
457 3486 614 3547 invidiose
636 3488 711 3547 satis
734 3486 817 3563 dicit,
840 3505 889 3545 me
911 3486 1066 3546 lectitasse
1088 3484 1236 3547 Bernardi

312 3573 507 3631 autoritatem
531 3568 570 3629 ed
592 3569 776 3649 Eugenium,
799 3570 885 3629 cuius
908 3576 1009 3629 tamen
1033 3569 1126 3629 tacite
1148 3567 1235 3628 dero·

311 3661 365 3733 get
391 3654 557 3715 autoritati.
600 3652 673 3713 Plus
703 3670 762 3733 ego
794 3652 893 3712 tribuo
925 3652 976 3711 nni
1006 3650 1036 3714 S.
1067 3648 1234 3724 Bernardo‚

311 3755 403 3814 qnam
431 3735 577 3815 Philippo
605 3742 636 3795 et
663 3734 805 3795 omnibus
833 3735 895 3795 suis
923 3736 1061 3797 asseclis.
1105 3732 1137 3794 Si
1164 3732 1235 3793 Ber-

312 3821 425 3880 nerdus
459 3838 498 3879 eo
520 3818 599 3878 libro
622 3819 726 3897 eliqua
747 3817 825 3878 dixit
847 3836 903 3897 pro
927 3818 1080 3878 sententia
1101 3814 1235 3894 Lutheri,

316 3938 734 3950 ...-.-.-..—-----·--—-·-—-

384 3990 415 4059 1)
438 3990 469 4042 ln
489 3989 532 4044 eu.
545 3991 629 4058 orig:
649 3975 849 4057 pronascitur.
887 3988 917 4051 2)
938 3984 1234 4053 interuentuque

310 4062 393 4117 locis:
419 4061 568 4115 initorum.
603 4064 605 4073 '
