3075 4775
340 544 404 610 448
527 562 533 583 =
655 547 685 600 v.
705 546 810 600 couno
829 547 862 600 n.
881 547 915 600 u.
934 547 1012 600 nuth.

341 747 471 808 auoque.
515 730 590 790 Poat
611 730 729 810 lapaum
756 732 812 792 viri
841 736 873 792 et
894 732 1027 792 mulieris
1048 731 1268 794 effaetus‘oor-

341 813 507 892 ruptiaeimi
528 820 609 892 snut,
631 814 755 892 quondo
774 816 966 895 maior‘pars
988 834 1051 875 nou
1075 815 1115 876 ob
1128 825 1267 876 mutuum

340 895 504 973 auxilium,
536 897 604 956 sine
625 896 790 959 liberorum
813 917 935 977 amore,
960 905 991 958 ut
1012 899 1184 959 institutum
1209 908 1266 976 est,

339 980 542 1121 ponveniuuh
574 981 647 1058 quin
676 981 774 1061 magis
805 981 843 1040 ad
865 981 1050 1061 explendam
1074 983 1183 1042 annuis¹
1199 981 1266 1042 libi-

360 1079 453 1123 inem.
527 1097 532 1104 ·

254 1142 258 1150 “
422 1145 557 1223 Quarto,
590 1148 817 1206 matrimonium
846 1147 994 1208 diiudicat
1020 1150 1099 1208 inter
1130 1167 1266 1229 amores,

340 1231 396 1289 viri
418 1237 450 1289 et
471 1229 576 1288 uxoria
598 1247 733 1289 amorem
754 1232 921 1290 maximnm
945 1249 1014 1291 esee
1037 1239 1162 1310 oportet
1183 1234 1266 1293 inter

339 1315 502 1373 universos
525 1330 657 1372 amores.
701 1311 753 1374 Sia
782 1315 863 1374 enim
893 1315 1037 1394 seriptum
1070 1313 1182 1397 enm:
1206 1315 1266 1377 Re-

340 1396 458 1475 linquat
487 1395 580 1456 homo
618 1402 735 1474 patrem
772 1405 803 1457 et
839 1404 983 1473 matrem,
1020 1405 1052 1458 et
1084 1397 1267 1460 adhaerebit

340 1480 429 1539 uxori
451 1496 535 1551 suae,
557 1497 636 1538 uxor
656 1481 791 1540 violarim
815 1482 879 1539 viro
905 1497 971 1558 suo,
996 1480 1069 1540 honi
1087 1479 1188 1542 adhue
1211 1481 1265 1542 ho-

339 1563 389 1622 die
411 1560 585 1622 observant.

359 1674 363 1682 ·
421 1644 540 1705 Deinde
562 1645 747 1721 notandum,
769 1646 852 1724 quod
876 1646 988 1726 triplex
1010 1655 1058 1707 est
1080 1665 1184 1726 amor,
1208 1649 1264 1719 lal-

339 1748 401 1807 ana,
423 1727 581 1805 naturalis,
604 1729 785 1808 oouiugnlia.
829 1729 936 1790 Falsus
960 1749 1048 1790 arnor
1071 1733 1191 1810 quaerit
1214 1751 1266 1811 pe-

340 1813 477 1889 cuniam,
504 1811 670 1883 honorem,
693 1830 790 1891 open,
816 1813 958 1873 mulieres
983 1832 1106 1892 quoque
1128 1814 1264 1894 prohibi·

340 1903 386 1956 tar
409 1914 450 1955 ex
472 1902 639 1974 praecepto
661 1894 728 1955 Dei.
772 1895 926 1958 Naturalis
949 1909 997 1956 eat
1017 1898 1097 1956 inter
1118 1906 1264 1978 parentes

340 1988 372 2040 et
402 1978 538 2058 prolem,
573 1977 682 2038 iratres
716 1986 747 2037 et
781 1997 903 2041 sorores
936 1987 967 2039 et
1002 1983 1264 2059 consanguineos.

338 2062 459 2122 'lentina
482 2081 570 2139 vero,
605 2063 657 2140 qui
680 2063 852 2142 coniugalis
879 2063 1007 2139 dieitur,
1044 2063 1122 2124 duos
1147 2065 1265 2144 primos

340 2144 496 2206 excedens
517 2163 573 2204 eeu
596 2145 676 2224 ignia
698 2145 803 2222 ardet,
827 2145 899 2206 nihil
922 2147 1058 2226 quaerit,
1086 2146 1161 2207 nihil
1185 2147 1266 2208 desi-

340 2228 436 2300 derat
448 2233 570 2306 praeter
591 2229 764 2307 noningern.
809 2229 861 2290 Sio
889 2231 970 2290 enim
992 2230 1108 2308 inquit:
1130 2229 1199 2290 Neo
1221 2251 1268 2291 ar·

340 2318 466 2392 gentum
490 2317 574 2369 tuum
596 2329 656 2370 nee
677 2330 799 2389 aurum,
836 2331 935 2394 neque
967 2313 1028 2373 hoo
1056 2331 1157 2393 neque
1179 2313 1268 2391 illud,

231 2381 234 2391 ’
340 2394 397 2455 sed
425 2400 455 2453 te
482 2394 572 2471 volo,
605 2402 637 2454 et
658 2402 781 2475 praeter
818 2405 848 2457 te
879 2396 955 2457 nihil
983 2416 1117 2476 prorsus.
1162 2398 1266 2459 Ceteri

339 2496 462 2539 amores
484 2476 564 2538 ultra
584 2478 626 2557 io,
648 2478 732 2557 quod
756 2479 898 2541 videntur
919 2499 1041 2549 amare,
1065 2479 1146 2541 aliud
1170 2500 1267 2561 quae-

339 2564 447 2640 ritant,
480 2560 535 2620 aed
557 2561 728 2641 ooniugalia
756 2563 788 2623 id
818 2562 900 2643 quod
923 2563 1022 2643 diligit
1043 2570 1139 2626 toturn
1164 2568 1266 2645 ponei-

340 2645 414 2705 dere
436 2644 510 2706 vult.
553 2644 644 2719 Quod
678 2646 703 2704 ni
734 2645 833 2706 Adam
863 2648 895 2706 in
916 2648 1095 2707 innooentia
1122 2666 1267 2727 perseve-

340 2736 454 2807 rasset,
486 2728 785 2808 exoptabiliaeimum
814 2749 912 2791 rerum
938 2730 1073 2801 omnium
1102 2730 1267 2797 duceretur

340 2829 489 2894 sponsum
509 2831 579 2872 eene
600 2812 651 2873 vel
672 2830 829 2891 sponsam.

327 2963 330 2969 4
392 2967 394 2972 Α
422 2896 631 2956 Veruntamen
666 2895 718 2955 ille
747 2916 835 2956 amor
861 2898 923 2955 iam
956 2898 1092 2977 impurus
1124 2894 1265 2957 r'edditue

340 2986 407 3056 eat,
445 2977 696 3058 quandoquidem
728 2986 857 3059 uterque
892 2980 1057 3060 onningum
1094 2981 1124 3039 in
1162 2980 1265 3041 altero

341 3065 469 3141 quaerit,
492 3080 553 3141 quo
570 3063 841 3141 oonoupiseentiae
864 3063 962 3123 malae
985 3062 1160 3125 satisfaciat.
1183 3062 1266 3123 Hine

341 3154 402 3225 eet,
434 3146 516 3225 qnod
546 3144 608 3205 hoo
629 3153 769 3225 tempore
792 3152 888 3207 status
912 3146 1142 3206 matrimonialis
1165 3147 1266 3207 sinue-

341 3248 391 3289 rns
414 3234 445 3289 et
466 3230 533 3289 aine
553 3236 683 3309 peooato
706 3248 776 3289 enee
797 3230 850 3289 vix
872 3231 979 3309 possit.
1022 3229 1078 3289 Est
1099 3230 1180 3289 enim
1206 3246 1265 3290 oen
1325 3241 1328 3253 '

340 3311 494 3393 hospitale
514 3310 878 3393 infirmorum,1quando
912 3313 1106 3373 matrimonio
1137 3330 1265 3392 praeea-

340 3400 437 3473 vetur‚
459 3414 499 3455 ne
520 3414 698 3456 eorruamuo
719 3396 749 3455 in
772 3398 915 3477 graviora
935 3395 1057 3459 deliota.
1100 3396 1264 3457 Innocenti

340 3477 428 3539 Adae
448 3478 629 3539 facillimum
660 3486 726 3539 erat
746 3480 952 3560 virginitatem
976 3498 1098 3539 servare
1120 3487 1152 3540 et
1173 3482 1266 3540 enati-

340 3568 446 3640 tatem,
468 3562 551 3641 quod
575 3570 681 3622 nostra
702 3568 805 3623 aetate
828 3564 893 3623 sine
916 3562 1064 3642 singulari
1085 3564 1184 3642 gratia
1207 3564 1266 3623 Dei
1290 3592 1296 3606 ‘

341 3647 394 3704 vix
426 3645 574 3725 possibile
601 3645 701 3705 fuerit.
756 3645 950 3725 Quapropter
989 3664 1089 3725 neque
1126 3645 1267 3706 Christus

341 3730 499 3810 praecepit
511 3729 693 3806 castitatem,
707 3748 809 3809 neque
826 3728 935 3809 aliquis
948 3728 1172 3809 apostolorum,
1194 3748 1265 3789 oum

340 3801 563 3893 praedicarent.
617 3812 751 3873 Tametsi
789 3812 872 3873 illem
918 3811 1006 3873 nobis
1052 3812 1266 3893 maximopere

341 3894 576 3973 commendent,
609 3895 806 3955 consulentes
835 3902 867 3955 et
889 3897 1026 3975 praemio
1049 3895 1266 3976 sollicitantes,

524 4035 643 4042 m·-
662 4036 746 4041 ..-Ᾰ.ᾲ.

413 4092 443 4153 *)
467 4088 556 4141 lintth.
577 4085 618 4140 19.
