3075 4775
520 546 596 603 xut.
614 546 650 603 ds
668 551 806 616 pomam
824 548 924 615 Papus.
1127 541 1189 609 377

268 752 306 793 aa
340 734 366 794 si
398 732 460 801 lroe
487 734 528 794 sit
547 752 675 814 posuere
696 733 845 813 populum
868 732 996 804 Christi,
1034 731 1120 812 qnod
1144 737 1196 793 est

269 823 456 897 potestatam
477 818 593 877 iaetare
614 825 645 877 et
666 815 792 877 ambire.
837 816 923 890 [Non
945 836 1021 897 ergo
1043 822 1191 895 potestas,

269 899 324 960 sed
346 902 478 960 servitus
508 900 675 979 imponitur
697 901 860 981 episeopis.
906 898 980 974 Quis
1002 906 1104 960 erstem
1128 916 1192 961 nou

270 982 369 1043 libens
391 984 523 1063 patiatur
545 1002 601 1043 eos
623 984 748 1060 servire,
772 984 796 1041 si
820 983 959 1061 vellent]

352 1066 443 1127 Unde
476 1081 546 1127 meo
576 1066 706 1144 iudioio,
745 1068 826 1126 sieut
863 1066 997 1145 apostoli
1028 1084 1125 1144 usqne
1152 1064 1191 1124 ad

269 1148 363 1209 finem
384 1150 467 1210 ritae
488 1149 602 1211 christi
622 1149 863 1222 contenderunt,
894 1168 952 1210 nee
975 1156 1021 1211 tot
1041 1146 1192 1227 exemplis

270 1243 301 1292 at
322 1233 427 1293 verbis
448 1232 560 1293 Christi
587 1232 627 1292 ab
648 1232 784 1293 hnmana
811 1234 870 1293 istu
890 1231 1056 1296 affeetione
1078 1239 1192 1311 tempe-

270 1323 395 1392 rarunt,
427 1323 459 1377 et
490 1322 593 1377 tamen
623 1316 739 1376 nullum
762 1316 901 1397 permisit
923 1315 1063 1377 obtinere
1083 1316 1193 1396 primm

270 1409 344 1476 tum,
367 1399 469 1459 donee
490 1418 599 1459 omnes
621 1398 751 1479 dispersi
773 1418 841 1459 eum
861 1400 1077 1479 relinquerent,
1099 1400 1141 1459 ita
1157 1398 1193 1457 ,in

269 1482 405 1543 ecelesia
427 1487 473 1543 t‘ot
491 1484 553 1542 iam
571 1483 684 1543 seoulis
705 1481 901 1543 contenditur
923 1482 962 1543 de
973 1482 1104 1562 primatu
1125 1499 1193 1561 pro·

270 1565 380 1640 bibito,
402 1584 462 1625 nee
483 1565 604 1626 auditur
625 1564 764 1632 Christus
785 1566 906 1627 interim
930 1573 977 1627 tot
999 1564 1126 1627 vooib'ns
1148 1583 1193 1624 re·

271 1650 402 1726 sistens,
437 1667 495 1708 neo
517 1648 571 1709 ulli
592 1648 732 1710 obtinere
755 1650 957 1729 permittens,
994 1648 1095 1709 donee
1114 1648 1194 1709 forte

271 1745 303 1793 et
342 1733 401 1812 ipsi
439 1731 624 1793 adveniente
665 1731 845 1793 antiahristo
884 1732 1118 1813 dispergantur,
1164 1736 1196 1791 et

271 1816 426 1876 Ohriatum
449 1823 573 1894 negent.

355 1897 438 1961 Nam
461 1898 596 1977 apostoli
617 1899 747 1978 primum
770 1897 848 1958 baeu
869 1898 997 1978 pnlohre
1020 1895 1195 1974 servabant,

270 1981 397 2061 quando
420 1981 564 2042 laaobum
597 1983 744 2043 minorem
768 1982 947 2061 episeopum
970 1980 1195 2059 Hierosolymis

271 2066 511 2141 constituerunt,
534 2071 565 2125 et
586 2064 710 2142 Petrus,
732 2063 865 2125 Iaeobus
887 2084 924 2125 ao
948 2065 1099 2127 lohannes
1120 2079 1139 2121 a
1162 2081 1196 2123 se

272 2168 347 2208 suos
376 2148 524 2227 primatus
557 2148 752 2209 raieoerunt
782 2150 856 2209 Post
888 2147 959 2209 illos
990 2157 1093 2209 autem
1124 2164 1197 2207 mox

271 2242 335 2291 tam
365 2230 478 2293 Christi
510 2250 600 2310 quam
634 2232 848 2311 apostolorum
877 2231 1020 2312 exemplo
1052 2228 1197 2310 negleeto

272 2315 341 2374 sina
360 2313 421 2375 line
443 2314 648 2392 oontendnnt,
669 2333 733 2375 non
755 2335 813 2397 pro
834 2314 945 2393 verbo,
968 2334 1029 2396 quo
1052 2314 1121 2395 plus
1143 2312 1197 2373 do·

272 2405 385 2475 eeant,
406 2399 461 2458 sed
483 2417 545 2476 qno
566 2397 658 2460 latius
681 2399 844 2477 mandare,
867 2399 982 2480 ligare,
1006 2399 1143 2474 solvere,
1167 2404 1198 2458 et
1320 2455 1326 2472 k

275 2482 388 2542 luarari
410 2489 535 2561 queant
556 2484 603 2543 sio
624 2483 705 2542 enim
729 2490 760 2542 et
782 2503 840 2543 nos
862 2482 1053 2542 infirmitates
1066 2479 1197 2561 -pontifl-

272 2585 342 2625 oum
366 2583 428 2625 non
451 2566 518 2625 sine
541 2565 643 2626 multis
666 2565 820 2625 seandelis
841 2565 921 2626 ferre
935 2565 1085 2644 eogimur‚
1105 2581 1197 2644 prop·

270 2657 319 2709 ter
341 2647 504 2709 Christum.
548 2647 594 2727 [ei
627 2648 709 2708 enim
738 2649 811 2709 iuris
844 2648 939 2709 divini
961 2654 1027 2709 erat
1049 2643 1197 2728 primatus

272 2731 365 2807 Petri,
388 2731 569 2810 impiissime
590 2731 664 2792 ieoit
684 2751 746 2793 una
767 2751 836 2792 eum
859 2731 997 2792 iohanne
1018 2737 1050 2792 et
1069 2728 1197 2802 Iaeobo,

272 2813 357 2893 quod
387 2815 535 2875 minorem
564 2814 710 2876 laaobum
744 2815 802 2876 sibi
835 2816 1013 2894 episcopum
1045 2811 1196 2893 praetule·

273 2904 344 2958 runt
363 2898 395 2956 in
407 2897 541 2957 eeclesia
554 2897 848 2978 Hierosolymitana‚
871 2899 956 2958 onius
979 2915 1087 2958 omnes
1109 2901 1197 2956 erant

273 2981 425 3057 mambra,
454 2979 536 3040 unde
562 2988 593 3040 at
614 2980 727 3040 Paulus
754 2981 856 3043 Galat.
880 2984 909 3044 2.
938 2979 1081 3042 laaobum
1110 2995 1197 3057 praa·

271 3064 331 3124 fert
352 3062 456 3136 Petro,
477 3064 508 3123 in
531 3063 694 3125 osnsendia
716 3064 869 3124 eohrmnis
890 3065 1067 3139 malenino]
1089 3092 1092 3101 ·

376 3266 380 3278 ι
451 3221 541 3290 Nn'ne
561 3250 600 3290 ex
622 3230 759 3290 historiis
781 3237 813 3290 et
833 3228 1011 3290 rationibus.

356 3397 458 3456 Prima
485 3403 534 3456 est
559 3399 629 3474 ipsa
653 3396 723 3458 Aet.
745 3394 975 3475 apostolorum,
1010 3394 1059 3454 ubi
1090 3395 1197 3454 Petrus

273 3479 414 3558 aequalis
437 3478 576 3540 scribitur
597 3480 707 3539 ueteris
727 3478 890 3560 apostolis,
912 3478 1045 3557 deniqne
1068 3479 1113 3538 sui
1136 3497 1196 3538 ser-

275 3562 375 3623 monis
397 3581 424 3622 a.
452 3566 495 3626 15.
518 3560 785 3624 confirmationem
808 3561 961 3622 nlaoobo
983 3561 1113 3641 aooapit.
1138 3561 1196 3621 De-

274 3645 344 3706 intle
368 3644 486 3705 nullum
507 3645 719 3725 apostolorum
742 3647 809 3725 ipse
831 3643 999 3722 ordinavit,
1028 3663 1086 3708 nee
1116 3644 1196 3707 ullus

274 3727 329 3789 snb
350 3729 421 3808 ipso
443 3728 507 3789 iin't.
550 3727 716 3804 Quomodo
745 3746 821 3808 ergo
844 3745 1006 3790 suaeessor
1026 3728 1109 3790 Petri
1131 3746 1195 3788 om·
1308 3793 1310 3798 ,

274 3813 357 3872 nium
380 3809 592 3890 apostolorum
615 3829 810 3872 suaoessores
844 3811 900 3872 sub
930 3829 965 3874 se
998 3810 1112 3872 habere
1142 3827 1196 3891 po·

275 3900 356 3964 teat,'
381 3893 470 3973 quid,
502 3913 638 3974 quaeso,
672 3896 710 3956 ad
738 3894 818 3954 haee
840 3893 901 3955 diei
922 3894 961 3956 ab
984 3894 1047 3956 ullo
1070 3891 1195 3974 potest?

275 3977 350 4038 ltem
364 3977 521 4038 Matthiam
545 3998 604 4040 nee
624 3979 693 4059 ipsa
714 3996 774 4038 neo
796 3996 906 4040 omnes
927 3977 1016 4039 simul
1037 3977 1105 4036 ausi
1126 3980 1198 4035 sunt
1239 4019 1243 4024 .

275 4061 306 4122 iu
328 4059 507 4141 apostolum
527 4060 681 4141 ordinare,
702 4060 758 4121 sed
781 4080 820 4121 ex
832 4060 900 4126 Deo
916 4058 1111 4141 postularunt
1131 4062 1195 4120 tan·
