3075 4775
594 558 750 613 omi·
766 562 892 627 uana
1090 644 1093 651 Δ
1136 554 1198 623 tte

278 711 487 828 probatissimi
495 750 529 807 et
536 745 743 807 honestissimi
755 746 812 807 viri
820 764 875 827 per
887 752 985 807 totum
992 745 1196 808 Christianum

278 830 384 891 orbem
395 830 429 890 in
441 830 587 890 metientis
600 830 689 889 annis
702 835 734 889 et
747 829 857 890 horum
871 830 964 908 aliqui
978 832 1008 889 in
1022 829 1197 910 catalogum

165 991 166 1016 ,
280 912 462 974 Sanctorum
483 913 583 991 relati,
599 930 661 973 non
683 918 787 973 tumen
806 911 1013 993 indulgentias
1035 912 1198 993 hoopaoto
1235 940 1242 961 r

280 995 509 1075 probaverunt,
541 996 661 1056 etiamsi
689 998 803 1056 abusus
825 996 869 1055 sis
891 996 970 1055 sieut
997 996 1030 1055 in
1060 996 1143 1055 omni
1164 1014 1198 1055 re

283 1077 484 1159 displicuerit
511 1078 647 1139 Thomas
668 1085 793 1139 sanetus
815 1084 871 1155 est,
894 1074 1123 1156 Bonav'snturn,
1147 1077 1198 1138 Al·

280 1161 385 1222 bertus
408 1160 592 1238 Carmelita,
628 1160 832 1221 Barnardinus
864 1168 895 1222 et
926 1161 977 1221 alii
1007 1161 1109 1241 magni
1131 1161 1197 1236 viri,

281 1244 367 1321 Ales,
390 1242 734 1323 Gerson,0apistranus
757 1250 816 1305 ete.
840 1244 892 1324 qui
914 1250 1014 1304 tamen
1037 1242 1196 1323 indulgen-

279 1328 390 1387 tiarum
413 1327 648 1389 eoncessionem
670 1344 732 1387 non
754 1328 964 1407 reprobarunt.
998 1324 1101 1401 Quare
1122 1325 1196 1386 nihil

280 1410 382 1489 refert,
411 1408 493 1488 quod
504 1408 639 1469 iohanni
649 1408 805 1471 Vuiohleff
822 1410 963 1471 etUlrieo
986 1409 1141 1470 Kalteissn
1164 1409 1194 1468 in

280 1492 419 1573 Anglia,
440 1493 574 1553 Domino
597 1492 732 1553 Johsuni
754 1493 794 1554 de
815 1493 982 1570 Vuesalia,
1021 1494 1072 1571 qui
1094 1500 1196 1551 temen

280 1576 343 1636 hoe
363 1576 542 1635 retractavit
561 1574 751 1656 hlagimtiae,
775 1575 918 1637 Bohemis
941 1575 1197 1656 indulgentiarum

164 1659 165 1670 ³
281 1660 504 1719 eoncessiones
524 1676 588 1719 non
632 1658 801 1722 laonerunt.

164 1783 165 1786 κ
366 1740 470 1816 Quare
493 1679 630 1802 oonelul

163 1833 165 1876 i
286 1822 397 1903 datas,
419 1823 457 1884 ad
481 1824 540 1885 Dei
561 1823 710 1885 honorem
732 1832 764 1886 et
784 1824 856 1885 fldei
878 1824 1117 1902 exaltationem,
1135 1842 1198 1885 non

163 1953 164 1956 ,
281 1926 353 1969 esse
373 1907 499 1968 inutiles
521 1907 632 1968 christi
662 1890 803 1969 fldelibis
839 1906 979 1985 devotis,
1014 1924 1078 1967 non
1111 1925 1199 1987 prae-

163 2001 164 2068 ,
284 1990 487 2069 sumentibus,
509 1990 563 2051 sed
585 2010 639 2051 eas
660 2008 729 2051 oum
741 1991 911 2053 humilitate
926 1990 958 2065 ¹)
983 1996 1014 2050 st
1034 1991 1197 2070 gratiarum

163 2085 164 2088 ’
283 2074 411 2135 notione
431 2072 670 2154 aeeipientibus,
692 2073 837 2135 abusibus
858 2074 985 2133 roseolis
1007 2077 1038 2133 et
1058 2073 1200 2154 repulsis,

283 2165 317 2217 nt
338 2158 385 2217 sie
406 2158 509 2238 potius
530 2156 570 2218 de
590 2163 677 2217 tanto
696 2156 729 2232 ²)
753 2176 879 2223 munere
902 2154 969 2217 Deo
992 2157 1106 2236 gratias
1128 2174 1199 2237 aga·

163 2280 164 2289 1
283 2258 362 2318 mus,
385 2258 477 2319 quam
497 2240 626 2301 utillud
649 2240 780 2321 superbe
801 2247 1049 2317 oontemnamus,
1078 2258 1200 2320 semper

162 2367 163 2385 ι
283 2324 313 2383 in
335 2324 442 2383 animo
463 2322 626 2399 hebentes,
648 2325 797 2405 optimam
819 2322 1040 2406 indulgentiam
1064 2341 1133 2383 esse
1149 2341 1199 2383 ve

283 2426 347 2467 ram
370 2408 596 2470 enutritionsm.
630 2407 746 2468 Tamen
769 2409 913 2485 omnino,
947 2406 1086 2468 sihodie
1107 2425 1201 2488 expo·

162 2488 163 2503 ³
283 2491 342 2550 site
361 2491 516 2551 sententia
537 2490 593 2550 fuit
614 2509 701 2551 mens
714 2490 874 2552 reverendi
885 2490 992 2569 Patris,
1014 2491 1200 2569 maluissem,

285 2572 415 2633 utillud
440 2573 523 2633 elare
543 2572 693 2652 dixisset,
722 2580 754 2634 et
774 2573 960 2655 simplicibus
983 2592 1045 2634 non
1068 2572 1204 2633 dedisset

162 2682 163 2691 ¹
287 2657 488 2719 oeoasionenr
507 2655 590 2716 eliud
612 2656 790 2737 cogitandi,
818 2657 890 2737 quia
917 2674 1011 2718 nemo
1038 2663 1086 2717 est
1107 2657 1203 2718 omni·

284 2759 334 2799 um
357 2737 550 2819 auditorum,
581 2739 632 2818 qui
654 2757 778 2800 sensum
803 2739 896 2802 hodie
917 2739 1021 2800 datum
1041 2739 1201 2800 intellexe-

283 2823 322 2884 rit
336 2823 374 2883 'in
396 2821 605 2883 Gonolusione
627 2821 808 2886 undeoima:
839 2823 969 2901 Dicere,
991 2821 1199 2902 indulgentias

284 2904 479 2967 essebonum
492 2904 674 2984 Christiano,
697 2913 745 2967 est
764 2907 908 2982 insanire,
931 2911 1002 2966 sunt
1014 2905 1094 2966 enim
1109 2904 1200 2964 teris·

281 2990 359 3050 sime
381 2989 485 3069 operis
507 2988 706 3051 bonivitium.
730 2990 772 3050 At
785 3007 850 3050 snm
863 2989 953 3050 ‘bene
976 2993 1139 3049 contentus
1162 2986 1200 3046 ds

284 3089 339 3132 sua
361 3071 569 3152 expositione,
590 3078 737 3151 quantum
758 3071 799 3132 ad
821 3091 870 3133 me
891 3073 1008 3137 attinet

601 3206 641 3269 hl.
674 3205 880 3270 Luthsrus.

370 3357 489 3422 Contra
511 3359 680 3421 solutiones
703 3379 788 3420 meas
811 3361 941 3444 opponit
963 3354 1103 3442 egregius
1117 3360 1153 3420 D.
1164 3357 1200 3422 D.

282 3444 398 3523 primo,
427 3441 633 3538 ipdulgentias
654 3463 716 3504 non
739 3461 809 3504 esse
830 3444 1028 3505 remissiones
1049 3442 1200 3504 bonorum

282 3545 430 3608 operum,
452 3545 510 3588 neo
532 3525 717 3606 sevidisse,
751 3527 802 3606 qui
824 3526 886 3589 hoo
905 3532 1066 3591 assereret.
1096 3517 1200 3605 ‘Sequi

283 3612 377 3670 stiam
399 3607 439 3669 ad
461 3610 539 3689 hoo,
569 3609 775 3692 indulgentias
803 3629 873 3671 esse
900 3629 972 3671 vere
1001 3608 1201 3691 periculosas,

282 3693 395 3755 noxias
418 3700 449 3753 et
461 3692 664 3772 damnabiles,
687 3712 756 3754 esse
778 3695 880 3774 potius
903 3711 1029 3754 sasuno
1047 3711 1201 3754 consensu

282 3775 420 3836 dantium
456 3783 487 3838 et
517 3775 740 3837 admittentium
769 3777 965 3838 remissiones
976 3775 1008 3860 ³)
1034 3794 1201 3858 poenarum

284 3879 341 3940 pro
360 3860 503 3941 peooatis
525 3857 705 3922 debitarum.
727 3857 933 3941 Respondes:
956 3857 1036 3922 Satis
1058 3858 1201 3938 admiror,

314 4049 345 4112 1)
365 4047 397 4101 ln
417 4045 461 4102 od.
479 4047 541 4102 Jon.
560 4055 587 4102 et
599 4047 674 4118 apud
695 4046 827 4104 bescha
857 4047 1036 4116 humanitate.
1054 4047 1087 4114 2)
1108 4045 1197 4098 ibid:

281 4123 349 4175 toto.
386 4118 420 4186 3)
442 4116 525 4177 mid:
545 4120 746 4176 remissionem.
843 4132 847 4140 ·

626 1760 728 1821 amus,
749 1742 956 1822 indulgentias
978 1739 1199 1802 rationabiliter
1298 1754 1302 1766 ’
