3075 4775
301 552 367 622 400
601 557 924 622 &mesonma
980 599 983 608 .

302 747 433 827 imputet
452 747 528 828 sihi,
550 767 605 812 our
626 766 690 814 non
712 752 822 815 attulit.
866 751 989 814 Certum
1013 757 1069 828 est,
1091 751 1221 818 semar

302 829 374 892 dam
395 830 551 894 adversari
572 854 628 914 per
648 837 753 897 omnis
775 838 947 898 sententiae
970 835 1170 898 Lutheranao.

383 920 421 993 7)
445 915 493 977 De
514 917 568 978 illo
591 918 754 980 Matthaei:
788 919 833 980 Tu
863 939 896 982 es
919 921 1041 996 Petrus,
1070 927 1101 982 et
1129 938 1222 998 super

301 997 381 1058 hane
402 1007 519 1079 petram
542 1009 601 1064 ete.
626 1021 698 1062 vere
724 1005 872 1083 proponit
898 1004 1082 1064 seutentiam
1104 1003 1142 1064 D.
1164 1003 1220 1062 Lu·

301 1081 380 1142 theri
396 1083 534 1162 pluribus
554 1087 740 1146 oonieeturis
763 1094 975 1148 monstratam.
1019 1085 1080 1148 Sed
1102 1086 1220 1162 retinet,

300 1163 383 1244 quod
405 1166 486 1228 hano
507 1173 624 1247 petram
645 1188 717 1230 esse
737 1170 860 1231 Petrum
883 1189 921 1230 ex
944 1169 1128 1312 Anqustiuo,
1150 1169 1220 1230 Hie-

299 1267 444 1328 ronymo,
465 1250 641 1329 Ambrosio,
663 1253 779 1330 Leone,
799 1259 832 1314 et
845 1253 913 1315 aliis
932 1272 988 1334 pro
1012 1253 1074 1314 uxi.
1100 1253 1143 1312 At
1159 1252 1221 1312 hoe

299 1332 339 1392 ad
354 1332 480 1394 iudiees.
513 1334 575 1396 sed
591 1335 654 1396 hoo
675 1338 793 1412 mirum,
813 1336 898 1416 quod
922 1336 1035 1398 nedum
1058 1335 1142 1412 mihi,
1163 1334 1219 1396 sed

299 1421 332 1475 et
351 1416 387 1478 D.
410 1416 543 1479 luthero
565 1419 673 1480 falsum
697 1421 837 1498 imponit,
860 1439 928 1482 eum
951 1420 1070 1480 soilioet
1091 1437 1219 1497 respon·

299 1497 399 1577 disse,
426 1499 595 1580 Christum,
623 1501 695 1564 dum
723 1503 814 1564 Petro
843 1502 986 1564 dixisset:
1023 1503 1120 1562 Paene
1143 1520 1220 1562 oves

298 1600 383 1726 m
390 1583 1219 1748 'Addilsltdl(DepidifflodldnldldllrmeldOleddldelllnaddilllds

369 1712 376 1726 ·
949 1713 967 1747 u

296 1767 353 1828 pro
372 1768 429 1810 sua
449 1751 624 1812 eruditione
645 1772 708 1814 non
730 1761 794 1814 tam
816 1752 908 1814 foede
929 1753 1033 1833 lapsus
1057 1771 1125 1812 esse
1149 1770 1220 1830 pos-

297 1832 344 1893 sit
377 1831 438 1893 Sed
460 1835 503 1896 ita
525 1836 638 1913 evenit,
658 1836 731 1896 dum
753 1845 839 1896 sutor
860 1835 940 1896 ultra
962 1834 1119 1915 orepidanr
1141 1833 1219 1894 iudi-

297 1923 356 1976 est.
394 1916 463 1977 Hoo
483 1917 554 1980 loeo
577 1937 694 1980 exeuso
716 1919 753 1980 D.
776 1918 949 1998 Martinam,
973 1937 1109 1980 errorem
1130 1917 1218 1978 illum

295 2017 351 2078 per
372 2019 443 2060 eum
464 2020 527 2062 non
549 2002 727 2065 admissum.

378 2080 416 2164 8)
440 2084 561 2165 Pangit,
580 2085 665 2165 qnod
678 2086 834 2162 haereses,
858 2084 1044 2146 Bohemiuas
1056 2084 1219 2160 tentiones,

296 2171 329 2225 et
347 2165 379 2226 id
400 2185 498 2246 genus
519 2168 582 2228 alia
603 2170 733 2230 erimina
754 2169 867 2229 fuerint
882 2167 917 2228 D.
935 2168 1066 2228 Martiuo
1086 2167 1219 2228 obieeta.

296 2246 356 2307 Sed
388 2250 512 2328 retinet,
546 2251 627 2328 qnod
667 2271 723 2331 pro
756 2251 819 2312 fide
848 2251 1022 2312 Christiana
1053 2250 1086 2328 id
1116 2250 1220 2314 faeere

295 2349 362 2390 sum
389 2338 532 2410 ooaetus,
560 2332 631 2395 dum
658 2335 727 2415 ipse
754 2340 907 2397 assereret
928 2334 1048 2415 aliquos
1071 2333 1218 2399 artioulos

294 2412 440 2475 Iohannis
459 2416 540 2477 Hnss
563 2417 709 2480 haeretiei
724 2419 954 2481 Constantiensi
977 2418 1110 2481 coneilio
1133 2418 1218 2478 dam-

294 2502 386 2559 natos
415 2518 483 2560 esse
506 2500 783 2563 christianissimos
813 2511 844 2563 st
871 2502 1081 2582 evangelicos.
1125 2500 1217 2576 Quod

295 2599 386 2661 quam
416 2584 582 2662 prudenter
608 2586 729 2662 feeerit,
761 2592 795 2647 ut
822 2584 979 2666 Philippus
1007 2586 1067 2661 ait,
1098 2584 1218 2645 iudices

294 2670 438 2727 statuent.

376 2747 414 2832 9)
438 2749 665 2831 lmponitmihi,
678 2751 746 2834 ml)
761 2751 924 2831 apostolos
937 2750 1084 2830 aequales
1095 2750 1126 2809 in
1141 2769 1215 2830 apo·

294 2831 408 2892 stolatu
432 2832 572 2913 dixerim,
594 2835 649 2895 sed
671 2854 734 2895 nou
756 2834 903 2915 aequales
927 2835 1103 2914 episeopos.
1146 2832 1216 2893 Hoe

294 2921 467 2977 autemest
487 2919 640 2978 somnium
684 2919 863 2996 rammandi,
887 2937 949 2978 non
972 2917 1085 2977 dietum
1108 2916 1215 2977 Ennia

293 3016 376 3057 num.
402 2998 472 3059 Dixi
489 3002 635 3079 aequales
656 2938 751 3062 disse
774 3001 962 3081 apostolatu,
984 2999 1093 3062 ordine
1115 3016 1215 3059 saeer-

294 3078 370 3140 dotii
382 3086 414 3141 et
430 3084 639 3163 episcopatus,
660 3084 797 3146 sednon
815 3085 847 3145 in
869 3084 1089 3145 commissione
1112 3088 1144 3141 et
1163 3082 1216 3143 sd-

294 3164 518 3226 ministratione
539 3168 706 3248 regiminis.
749 3167 783 3228 ld
806 3167 887 3247 quod
911 3167 941 3229 8.
964 3166 1044 3245 Leo,
1064 3165 1215 3245 Hierony-

294 3266 361 3306 mus
377 3254 411 3307 et
420 3247 594 3329 Cyprianus
616 3250 789 3331 voluerunt,
812 3250 894 3311 unde
916 3250 1080 3311 literatorie
1103 3250 1215 3309 ratiun-

294 3329 394 3389 culam
416 3332 620 3412 parvipendo.

378 3412 435 3495 10)
459 3414 586 3495 Opinari
619 3436 669 3476 me
702 3416 822 3491 scribit,
855 3436 874 3475 a
905 3415 1026 3476 Christo
1054 3414 1216 3495 apostolos

294 3494 392 3555 lentos
413 3516 492 3575 esse,
513 3498 569 3559 sed
592 3519 612 3559 a
632 3499 722 3559 Petro
745 3500 905 3560 ordinatos
929 3499 1104 3578 episeopus.
1147 3497 1216 3557 Hoe

294 3578 416 3639 erudias
437 3575 706 3661 proponiq'qnam
727 3602 787 3663 ego
810 3582 1024 3661 expresserim.
1055 3581 1216 3644 Sententia

293 3680 364 3722 mes
385 3662 443 3722 luit
463 3664 531 3741 ista,
553 3684 616 3726 non
639 3667 763 3725 memini
786 3684 836 3727 me
857 3665 981 3746 legisse,
1004 3663 1056 3725 uhi
1077 3663 1213 3742 apostoli

292 3744 405 3806 tuerint
416 3746 550 3807 ordinati
571 3750 721 3829 episeopi,
741 3756 843 3809 tamen
868 3748 1038 3808 eommunis
1061 3748 1216 3807 sententia

293 3827 401 3907 habet,
424 3845 479 3891 eos
503 3830 663 3892 ordinatos
683 3834 714 3891 in
737 3831 916 3893 saeerdotes
938 3832 969 3891 in
991 3848 1092 3891 noenu
1113 3830 1215 3891 novis-

293 3912 378 3972 sima.
423 3911 525 3988 Quare
554 3933 678 3992 possem
704 3916 818 3977 referre
840 3914 1065 3976 ordinationem
1089 3920 1213 3993 aposto-

352 4103 379 4164 1)
398 4102 430 4154 In
450 4101 492 4158 ed.
510 4104 587 4157 len:
607 4103 691 4172 quod.
