3075 4775
353 546 417 617 222
436 576 437 579 ¹
714 545 814 603 Sermo
833 546 945 603 Lutbsrl

357 757 408 801 sus
431 739 678 820 despersndnm,
717 744 750 799 et
780 736 866 799 nullo
899 736 994 799 modo
1025 734 1123 799 libero
1149 736 1280 799 arbitrio

357 822 574 885 confidendum
597 830 654 901 est,
677 821 768 883 etiem
781 817 832 881 'ed
845 821 1003 881 minimum
1025 840 1104 901 opus
1118 820 1187 881 Deo
1207 840 1282 901 grn-

355 914 418 967 tum
442 905 646 969 effioisndum.

329 1009 354 1030 ⁴-
438 988 591 1065 Qnooiroa
618 989 697 1049 bene
728 988 936 1067 Hieronymus
973 1004 1066 1068 super
1092 987 1153 1048 boo
1181 1005 1281 1047 even·

355 1072 438 1155 gelio
462 1072 544 1153 dioit,
567 1072 685 1133 soilioet
708 1069 879 1132 nolendum
900 1090 979 1149 esse,
1001 1070 1159 1150 quomodo
1192 1069 1281 1131 Obri-

356 1164 420 1217 stus
443 1157 613 1237 diseipulos
641 1173 715 1215 snos
745 1155 932 1234 interroget,
968 1153 1042 1233 quid
1061 1154 1204 1214 homines
1239 1152 1282 1214 de

355 1258 390 1300 se
411 1240 591 1319 loquantur,
624 1245 751 1319 postea,
773 1237 846 1317 quid
868 1239 927 1317 ipsi
949 1238 988 1297 de
1011 1256 1046 1297 se
1067 1238 1281 1316 loquerentur,

343 1325 442 1402 ‘qussi
470 1324 530 1403 ipsi
560 1323 700 1383 homines
730 1339 793 1381 non
819 1327 951 1381 essent*
979 1320 1135 1401 Siquidem
1169 1338 1280 1383 rernm

328 1460 331 1466 .
356 1412 424 1485 est,
446 1407 604 1467 hominem
626 1405 725 1485 gratie
746 1402 883 1483 adiutum
912 1405 982 1484 plus
1003 1403 1147 1484 quiddam
1171 1410 1203 1463 et
1227 1422 1281 1464 an·

356 1491 474 1571 gnatius
498 1508 583 1567 esse,
616 1506 709 1568 quem
737 1486 911 1567 hominem,
944 1494 1037 1566 atque
1065 1487 1145 1547 adeo
1177 1489 1283 1567 gratie

354 1572 412 1633 Dei
435 1574 534 1653 ipsum
562 1571 743 1633 deiformem
779 1569 881 1632 reddit
908 1576 940 1631 et
961 1571 1048 1650 qussi
1070 1568 1210 1649 deifloet‚
1246 1576 1282 1630 ut

356 1662 388 1716 et
409 1655 566 1736 Soripture
586 1656 685 1735 ipsum
708 1654 819 1731 Deum,
840 1661 872 1715 et
893 1654 949 1713 Dei
971 1652 1068 1713 filium
1089 1659 1191 1713 voest.

437 1738 484 1799 Ita
505 1739 662 1799 homiuem
685 1754 780 1818 supra
801 1754 925 1797 oernem
947 1744 979 1797 et
1001 1737 1182 1817 sanguinem
1204 1738 1281 1797 exui

356 1828 489 1903 oportet,
512 1822 632 1901 etsplus
654 1838 745 1900 quam
762 1821 919 1881 hominem
941 1818 1025 1898 fieri,
1059 1822 1085 1879 si
1105 1821 1203 1879 iustus
1229 1838 1282 1880 eo-

354 1923 420 1965 rem
442 1905 510 1967 Deo
534 1924 604 1966 esse
626 1906 738 1985 oupiat.
782 1903 851 1982 Hoe
873 1911 936 1963 turn
957 1902 1000 1982 fit,
1023 1922 1091 1963 eum
1115 1904 1282 1983 eognosoit

284 1982 299 2003 ⁸
354 1986 450 2050 homo
470 1988 532 2049 hoe
554 1988 612 2049 sibi
634 1986 843 2069 impossibile,
882 1993 914 2047 et
933 1986 1054 2047 deieeto
1076 1987 1180 2046 animo
1209 2001 1279 2068 gra·

305 2100 307 2105 ·
355 2072 428 2131 tiem
451 2072 509 2132 Dei
532 2072 668 2151 quaerit,
701 2088 739 2130 ae
765 2071 798 2134 in
829 2071 953 2149 seipso
974 2070 1097 2150 penitus
1121 2068 1280 2148 desperet,
1322 2096 1324 2100 ¹

354 2162 465 2234 postea
498 2155 623 2215 demum
655 2154 738 2215 boue
771 2172 867 2233 opere
895 2160 1071 2232 sequuntur.
1115 2152 1191 2213 cum
1216 2155 1281 2213 iem

355 2238 399 2297 ita
421 2237 550 2299 obtenle
572 2244 620 2298 est
641 2238 749 2318 gretia,
772 2245 835 2296 tum
858 2254 931 2297 vere
946 2235 1073 2297 liberem
1085 2235 1280 2318 voluntatem

354 2319 469 2401 hebes,
495 2328 559 2381 tum
583 2320 666 2402 quod
688 2322 718 2380 in
741 2326 773 2380 te
793 2327 843 2380 est
862 2320 967 2381 feoito.
1005 2320 1085 2380 Fieri
1104 2320 1224 2400 nequit,
1247 2328 1282 2380 ut

354 2404 438 2466 Deus
460 2405 551 2466 elioui
575 2407 704 2486 gratiam
728 2423 814 2464 suem
836 2412 949 2485 neget,
972 2405 1023 2484 qui
1046 2403 1086 2464 sd
1107 2403 1189 2463 hune
1212 2423 1279 2465 mo-

355 2487 427 2548 dum
442 2503 489 2548 ex
511 2495 579 2550 toto
602 2488 697 2549 eorde
717 2487 960 2550 imbecillitatem
983 2497 1014 2548 et
1035 2505 1121 2547 susm
1144 2485 1278 2568 indigni-

354 2577 448 2634 tatem
471 2573 631 2653 agnoseit,
665 2579 697 2634 et
724 2571 762 2632 de
790 2589 826 2631 se
846 2589 971 2652 prorsus
993 2572 1146 2650 desperet.
1190 2569 1280 2631 Haeo

355 2655 472 2735 optima
494 2663 526 2716 et
548 2655 692 2735 proxima
714 2662 761 2715 est
782 2654 821 2714 ed
843 2655 972 2736 gretiam
995 2655 1208 2734 praeparatio,
1243 2662 1280 2713 nt

355 2735 426 2799 diva
449 2738 544 2819 Virgo
567 2740 598 2798 in
621 2757 677 2799 suo
700 2738 815 2819 hymno
840 2737 931 2798 dooet
951 2755 989 2797 es
1012 2737 1104 2796 dieit:
1134 2736 1278 2797 lisurien-

354 2827 401 2882 tes
423 2821 513 2884 bonis
535 2821 654 2902 implet,
678 2829 709 2882 el
731 2822 841 2882 divites
861 2817 971 2881 inanes
991 2819 1127 2882 dimittit.

438 2905 524 2966 Heso
556 2904 765 2985 praedicande
798 2913 919 2982 essent,
950 2910 982 2964 et
1011 2902 1154 2965 homines
1191 2905 1277 2982 prius

226 3009 239 3019 ·
310 2975 315 2986 Χ
355 2979 488 3050 exuendi
510 3007 567 3049 sue
588 2989 714 3069 proprie
734 2989 951 3067 persuasione,
986 2993 1019 3047 et
1047 2986 1125 3046 ielse
1153 2983 1277 3064 uiues,
1374 3054 1375 3057 Ἴ

240 3139 243 3146 ,
355 3076 429 3152 post
458 3091 531 3132 vero
569 3072 660 3133 bonis
690 3069 835 3154 operibus
870 3069 1027 3150 implendi.
1076 3069 1195 3130 bontra
1231 3071 1276 3130 illi

355 3155 444 3235 plure
465 3153 504 3216 de
525 3155 615 3216 bonis
635 3154 779 3234 operibus
801 3153 932 3216 subinde
952 3152 1124 3229 insulesnt,
1147 3161 1179 3213 et
1198 3154 1277 3213 mire

355 3255 456 3318 penos
485 3238 526 3298 de
553 3239 642 3300 initio
666 3237 799 3298 faoiendi
819 3237 903 3298 bons
922 3253 1034 3317 opere,
1067 3238 1098 3296 in
1121 3254 1183 3315 quo
1207 3236 1278 3316 plus

356 3321 446 3382 situm
469 3329 647 3402 est‚,quem
669 3323 699 3381 in
723 3322 813 3384 bonis
835 3320 990 3401 operibus.
1033 3319 1093 3381 Ubi
1114 3320 1197 3380 enim
1218 3321 1289 3379 ini·

296 3457 300 3470 .
356 3407 400 3465 tie
427 3423 491 3465 non
518 3405 600 3466 bene
621 3405 750 3484 habent,
784 3423 854 3465 roro
887 3404 988 3464 exitus
1018 3403 1094 3464 felix
1125 3404 1273 3482 seqnitur,

356 3488 408 3549 ubi
430 3495 533 3550 eutem
555 3491 655 3570 gretie
675 3489 734 3549 Dei
755 3487 885 3549 obtenta
905 3496 969 3565 est,
1001 3486 1124 3548 abunde
1146 3502 1275 3567 operum

243 3598 244 3602 ¹
356 3578 510 3652 sequetur.

439 3655 621 3716 Huiusmodi
653 3655 828 3736 desperetio
856 3654 903 3714 sui
924 3659 956 3714 et
977 3654 1095 3735 gratioe
1116 3651 1275 3731 inquisitio

357 3757 420 3800 non
443 3739 551 3800 horem
584 3746 638 3798 eut
659 3738 849 3818 aliquantum
871 3738 1018 3816 temporis
1040 3735 1150 3796 durare
1171 3735 1274 3811 debet,

356 3829 430 3904 post
450 3821 606 3900 desinere,
641 3841 746 3882 verum
774 3822 881 3882 omnio
900 3826 1139 3899 operarum,
1170 3817 1275 3894 verbe,

357 3906 572 3986 eogitatiouea
594 3904 697 3984 quoad
718 3904 768 3965 hio
782 3904 923 3983 vivimus,
946 3921 1010 3963 non
1032 3902 1121 3974 aliter
1132 3903 1275 3962 ordinete

358 3990 429 4066 sint,
448 4006 541 4069 quem
563 4006 617 4066 eo,
640 3996 674 4048 ut
695 4005 757 4048 nun
779 4005 851 4046 uem
873 4003 937 4046 non
959 3986 1050 4048 nobis
1071 3987 1147 4068 ipsis
1167 3985 1275 4064 despe-

358 4070 487 4134 rsbuudi
509 4072 621 4151 umus,
654 4077 687 4132 et
713 4072 745 4131 in
795 4071 825 4130 ei
853 4064 980 4150 grstiee'
994 4067 1147 4131 desiderio
1169 4076 1203 4130 et
1224 4068 1274 4128 siti
