3075 4775
525 552 590 612 adv.
611 553 681 610 rhu
699 551 952 611 ttslsnrhthonem.
1141 547 1204 616 491

281 742 381 806 lorum
396 743 427 805 in
445 743 611 824 episcopos
629 744 661 805 in
675 742 798 806 Petrum
813 761 989 824 supremum
1002 739 1205 820 hierarcham,

283 845 352 887 cum
376 825 472 888 muita
492 827 555 887 sint
576 827 667 904 facts,
689 846 768 907 quae
790 846 853 888 non
876 831 948 889 sunt
968 826 1092 904 scripta.

368 908 425 991 11)
450 910 496 971 De
510 911 674 972 universali
695 912 846 992 episcopo
869 916 1007 972 truncate
1029 927 1130 970 meam
1153 908 1206 968 ad·

284 995 345 1055 fert
377 993 581 1072 solutionem,
614 995 759 1074 quoniam
799 991 894 1056 verba
916 993 1037 1054 Decreti
1070 996 1141 1052 sunt
1171 990 1206 1054 B.

282 1075 440 1156 Gregorii,
469 1077 520 1156 qui
549 1078 697 1157 opposuit
717 1097 751 1136 se
774 1084 881 1138 contra
903 1077 1136 1156 imperatorem,
1166 1074 1206 1138 ob

282 1160 364 1220 hanc
376 1177 511 1236 causam,
530 1167 566 1220 nt
577 1159 683 1222 scribit
695 1160 825 1222 Plotina.
855 1158 918 1220 Sed
938 1159 999 1220 hoc
1018 1157 1061 1219 sd
1078 1156 1205 1221 iudices.

370 1243 425 1323 12)
450 1243 649 1305 Conviciatur
662 1243 765 1305 denuo
781 1243 1015 1319 Grammaticus,
1039 1241 1122 1321 quod
1139 1260 1206 1302 soo-

284 1344 358 1406 pum
382 1327 573 1406 quaestionis
595 1326 633 1387 de
655 1328 834 1408 purgatorio
857 1344 919 1388 non
942 1326 1105 1406 attigerim,
1127 1324 1206 1385 scili·

284 1418 335 1470 oet
355 1408 395 1469 de
413 1415 574 1488 potestate
595 1410 700 1490 Papae
720 1411 752 1470 in
776 1409 1004 1490 purgatorium,
1036 1408 1091 1469 sed
1114 1406 1206 1468 aliam

283 1491 469 1552 cantianam
491 1494 667 1573 inceperim.
711 1493 785 1570 Hic,
807 1495 943 1572 inquam,
965 1492 1090 1573 egregie
1112 1511 1207 1572 nugs·

259 1585 333 1659 ,tur
352 1574 602 1654 Grammatellus,
627 1577 773 1655 quoniam
796 1595 909 1655 scopus
932 1575 1119 1654 quaestionis
1139 1581 1207 1636 erat

284 1659 444 1724 conclusio
460 1667 567 1738 sextu,
587 1659 722 1737 scilicet,
744 1661 864 1740 animas
886 1660 917 1719 in
940 1657 1117 1738 purgatorio
1141 1677 1207 1720 non

284 1741 462 1804 satisfacere
483 1761 539 1822 pro
560 1750 757 1822 peccatorum
781 1743 900 1822 poenis,
923 1741 984 1802 hoc
1004 1761 1112 1802 saxum
1135 1749 1208 1804 tuno

283 1824 458 1887 volvebam.
499 1825 532 1884 in
554 1826 757 1887 conclusione
779 1844 852 1888 vero
875 1825 1059 1886 duodecima
1081 1826 1209 1886 vertitur

285 1909 436 1988 qmestio,
459 1909 545 1968 cuius
568 1911 707 1970 meminit
721 1909 956 1970 Grammaticus.
992 1909 1112 1984 Fateor,
1135 1907 1209 1971 dum

284 1990 477 2067 conclusioni
497 1991 701 2069 intenderem,
722 1993 800 2054 dixit
819 1992 856 2052 D.
874 1992 1030 2068 Martinus,
1054 2010 1116 2052 non
1139 2009 1208 2070 pro·

284 2073 405 2136 bariex
420 2075 518 2135 sacris
539 2074 713 2156 Scripturis,
736 2077 943 2156 purgatorium
968 2091 1045 2153 esse,
1068 2075 1207 2154 quamvis

285 2159 377 2221 sciret
396 2175 467 2218 ease
489 2160 711 2239 purgatorium.
755 2159 920 2238 Assumpsi
944 2175 1023 2218 onus
1057 2156 1207 2237 probandi

285 2242 495 2321 purgatorium
516 2261 557 2302 ex
578 2243 673 2304 sacris
696 2243 803 2304 literis.

371 2323 427 2407 13)
451 2323 592 2387 Ridicule
627 2325 702 2387 dicit
732 2326 860 2407 dignam
892 2324 1056 2406 Theologo
1088 2342 1208 2402 vocem,
1234 2371 1239 2384 .

286 2408 405 2473 scilicet
417 2414 534 2470 tantum
549 2403 657 2471 deberi
668 2410 927 2471 Machobaeorum
951 2408 1039 2486 libro,
1062 2414 1209 2485 quantum

286 2491 468 2571 Evangelio.
512 2490 573 2553 Sed
594 2498 627 2553 et
647 2492 699 2553 hic
720 2492 830 2553 falsum
853 2491 985 2571 imponit
1007 2491 1081 2551 mihi
1103 2490 1209 2551 Gram-

288 2575 431 2635 maticus:
454 2593 525 2636 nam
540 2574 583 2635 ed
596 2576 827 2637 contentionem
850 2573 955 2634 valere
977 2572 1073 2633 libros
1088 2572 1209 2633 Mache

287 2657 433 2719 bacarum
460 2657 591 2731 adduxi,
620 2660 691 2738 quia
717 2658 749 2721 S.
771 2656 962 2738 Augustinus
991 2654 1069 2717 libro
1099 2656 1146 2719 18.
1170 2654 1210 2717 de

288 2741 412 2801 civitate
432 2741 506 2816 Dei,
526 2747 561 2801 et
579 2740 788 2822 Hieronymus
808 2742 840 2801 in
864 2739 1017 2819 Protogo,
1039 2757 1077 2798 ac
1095 2738 1127 2797 in
1150 2738 1208 2799 De-

288 2824 379 2883 cretis
410 2823 533 2900 dicant,
562 2824 672 2886 librum
699 2825 784 2885 iilum
816 2843 877 2885 uon
907 2823 1000 2883 fuisse
1028 2822 1059 2881 in
1089 2838 1216 2901 canone

288 2904 370 2986 apud
387 2906 536 2979 Ebreeos,
558 2907 612 2967 sed
629 2906 792 2967 ecclesiam
813 2906 968 2985 recepisse
989 2906 1021 2965 in
1047 2923 1210 2981 canonem,

222 3064 228 3070 ⁵
289 2989 383 3050 modo
414 2990 494 3051 deut
524 2991 696 3067 nescimus,
728 3006 800 3051 cum
830 2990 918 3068 plura
949 2988 1063 3049 inerint
1093 2988 1210 3067 scripta

288 3072 467 3153 evangetio,
489 3091 569 3151 quae
590 3074 652 3133 sint
670 3072 818 3134 indubiae
840 3072 994 3148 veritatis,
1016 3071 1074 3131 nisi
1097 3089 1136 3131 cx
1158 3090 1210 3150 sp·
1297 3087 1300 3095 ’
1377 3152 1379 3165 Ι

288 3154 472 3233 probatione
485 3154 639 3217 ecclesiae
660 3155 863 3235 approbantis
884 3161 1015 3235 quatuor
1037 3152 1210 3233 evangelia,

288 3244 320 3299 et
333 3237 395 3299 alia
416 3238 593 3299 reiicicntis.
623 3238 673 3300 Ita
692 3245 726 3299 et
748 3258 796 3299 ers
812 3237 1037 3319 approbatione
1059 3236 1211 3300 ecciesiae

289 3319 365 3383 tiber
385 3319 644 3383 uamabaeomm
671 3321 755 3402 apud
776 3321 993 3383 ¹Christianum
1020 3318 1112 3381 debet
1142 3336 1211 3383 csse

289 3403 481 3465 indubitatae
503 3406 656 3483 veritatis,
684 3405 842 3485 vulgatum
866 3411 915 3465 est
935 3402 1009 3463 illud
1032 3403 1211 3483 Augustini:

287 3484 357 3567 Ego
379 3486 556 3567 Evangelio
579 3508 643 3549 non
666 3487 823 3549 eraderem
845 3495 905 3549 etc.

373 3572 430 3643 14)
454 3568 547 3643 Quod
577 3571 725 3636 Matina
752 3590 809 3651 per
836 3588 991 3631 carcerem
1024 3568 1087 3629 dixi
1118 3586 1211 3647 posse

287 3652 418 3733 intelligi
445 3655 673 3736 purgatorium,
704 3655 759 3715 sed
788 3652 862 3715 illud
892 3652 978 3713 nefas
1007 3671 1078 3713 esse
1105 3659 1211 3727 censet

288 3734 530 3815 Grammaticus,
559 3744 593 3797 et
620 3745 707 3817 optat
732 3736 1066 3816 plebeculam-felicius
1088 3733 1210 3813 erudiri,

191 3816 203 3831 '
288 3836 381 3897 qnam
396 3818 427 3879 id
444 3837 542 3899 genus
562 3821 832 3901 interpretationis.
861 3818 922 3881 Sed
945 3818 1048 3879 dictu
1070 3817 1210 3897 pulveru-

289 3902 393 3962 lentae
415 3900 550 3963 achone
569 3903 731 3984 Magister,
760 3922 800 3965 an
829 3901 915 3963 naias
943 3901 1097 3964 arbitraris
1114 3901 1210 3961 *inter-

289 3985 403 4064 pretari
426 4002 530 4045 sacras
551 3987 672 4064 literas,
696 3986 779 4047 velut
800 3985 830 4048 Β.
853 3983 1034 4047 Ambrosius
1056 3982 1137 4063 fecit,
1160 3984 1211 4062 qui

288 4066 393 4131 locum
421 4066 552 4133 similem
580 4067 663 4151 apud
690 4069 805 4131 Lucam
830 4069 879 4131 sic
904 4068 1025 4149 accipit.
1066 4064 1159 4129 Anna
1176 4064 1211 4131 ὃ.
