3075 4775
526 514 598 567 xus.
617 514 652 571 de
668 519 806 585 potestate
824 514 926 584 Papae.
1116 514 1177 579 355

256 710 289 764 ut
309 704 340 763 in
369 702 448 763 haec
476 709 615 764 monstra
642 703 834 763 contusionis
866 711 897 763 et
925 703 1177 765 contradictionis

255 786 342 846 ruat?
385 786 456 847 Nou
479 806 553 866 ergo
578 786 629 845 alii
659 794 729 846 sunt
759 785 871 845 subditi
896 785 997 865 Pspae
1031 796 1062 847 et
1083 789 1175 867 irnpe-

256 871 382 947 ratoris,
402 871 459 929 nisi
482 877 627 949 quantum
646 869 774 930 donavit
788 870 979 949 imperatoris
998 872 1176 930 constitutio

158 1021 160 1032 Ι
256 963 286 1013 et
320 958 470 1013 creatura.
521 953 590 1013 Hoc
624 953 718 1013 verbo
749 951 872 1034 Petrir)
908 959 939 1013 et
976 954 1040 1011 iure
1073 952 1177 1013 divino

256 1055 365 1096 onrnes
400 1035 578 1097 subiicimur
611 1035 716 1115 gladio
750 1042 782 1095 et
816 1037 961 1113 potestati
993 1035 1177 1112 mundanae,

255 1121 335 1179 sicut
358 1127 389 1179 et
409 1119 500 1179 Rom.
524 1125 572 1183 13.
595 1125 626 1178 et
646 1119 705 1180 Tit.
724 1124 752 1181 3.
778 1119 932 1178 scribitur:
976 1118 1082 1178 Omnis
1116 1121 1176 1193 (iu-

156 1199 157 1212 ³
254 1200 338 1283 quit)
365 1203 467 1261 anima
491 1202 696 1281 potestatibus
728 1201 955 1261 sublimioribus
984 1200 1104 1263 subdita
1128 1204 1176 1279 sit,

257 1304 321 1345 non
345 1285 412 1344 sine
435 1303 529 1344 causa
559 1285 693 1364 gladium
729 1292 844 1364 portat,
878 1286 1014 1344 ministra
1036 1284 1092 1343 Dei
1122 1292 1177 1361 est,

258 1366 313 1427 tibi
337 1368 367 1427 in
391 1367 516 1429 bouum.
553 1368 663 1447 Credo,
687 1370 737 1447 qui
763 1369 863 1427 omnis
886 1368 988 1427 anima
1010 1367 1096 1445 dixit,
1119 1388 1176 1427 nec

253 1453 389 1511 animam
412 1449 576 1529 pontificis,
600 1470 658 1511 nec
679 1472 764 1511 suam
788 1452 883 1529 ipsius
906 1451 1070 1530 exceperit.
1115 1450 1175 1511 Sed

254 1533 481 1613 perpendamus
504 1535 635 1614 singula,
658 1542 691 1594 ut
707 1534 864 1594 videamus
878 1534 1053 1614 Scripturas
1069 1552 1175 1593 sacrae

252 1618 537 1696 interpretationem
561 1618 731 1677 Romanam
756 1617 946 1677 hodiernam.

336 1700 369 1759 si
393 1700 561 1779 spiritualia
582 1700 800 1780 temporalibus
823 1700 1028 1779 praecellunt,
1058 1707 1173 1779 quanto

253 1784 357 1843 anima
379 1784 517 1862 corpori,
539 1782 672 1862 ideoque
694 1783 864 1863 spiritualia
893 1803 955 1843 nou
986 1784 1058 1843 licet
1085 1783 1173 1842 subdi

254 1867 490 1946 temporalibus,
524 1867 625 1926 omnis
654 1873 755 1926 autern
778 1866 872 1926 horno
907 1866 1000 1927 habet
1032 1868 1176 1943 animaru,

254 1949 283 2008 id
308 1956 365 2027 est,
389 1949 555 2027 spirituale,
578 1969 652 2030 ergo
676 1950 777 2009 nullus
801 1949 893 2009 homo
917 1949 1005 2009 alteri
1021 1948 1175 2025 subdatur,

253 2052 311 2093 nec
338 2051 414 2092 oves
438 2031 549 2091 Christi
572 2033 677 2112 Petro,
700 2052 767 2092 curn
792 2033 898 2093 Petrus
921 2033 960 2091 sit
980 2031 1074 2091 horno
1097 2033 1176 2091 sicut

254 2124 284 2176 et
317 2115 372 2174 illi.
421 2115 534 2174 Paulus
564 2116 651 2176 dicit:
696 2116 804 2176 Ornnis
834 2116 938 2174 anima
970 2114 1092 2174 subdita
1126 2116 1174 2190 sit,

251 2218 331 2277 quae
364 2199 469 2277 utique
498 2200 662 2278 spiritualis
694 2207 749 2263 est.
794 2200 842 2259 Au
874 2198 1075 2271 Christus**)
1111 2218 1174 2257 non

252 2289 319 2344 erat
341 2282 525 2361 spiritualis,
559 2283 682 2361 quando
717 2302 785 2342 cum
817 2282 906 2342 Petro
936 2282 1029 2342 solvit
1050 2280 1175 2341 Caesari

252 2365 484 2426 didrachmum?
516 2387 554 2426 au
577 2365 740 2446 pontifices
767 2366 905 2445 excepit,
936 2364 1057 2445 quaudo
1082 2364 1174 2426 dixit:

254 2450 334 2510 Date
356 2468 436 2527 quae
459 2450 694 2518 Caesarissunt
715 2450 849 2513 Caesari.

336 2532 379 2592 At
399 2532 460 2592 hoc
481 2533 664 2613 syllogismo
688 2533 925 2594 concludemus:
964 2531 1053 2605 Quod
1077 2533 1174 2612 magis

255 2616 413 2696 spirituale
435 2617 539 2693 fuerit,
573 2617 742 2696 praecellat
771 2618 868 2675 minus
904 2614 1076 2694 spirituale,
1110 2621 1173 2673 turn

252 2701 339 2780 virgo
364 2706 470 2758 sancta
493 2700 605 2759 ancilla
628 2699 835 2759 dominabitur
856 2700 951 2777 irnpio
974 2695 1121 2776 pontifici,
1144 2705 1175 2755 ct

254 2801 412 2862 pannosus
434 2782 593 2842 mendicus
615 2784 802 2863 imperatori.
837 2781 985 2858 Obsecro,
1009 2799 1088 2858 quac
1111 2787 1173 2838 tau·

254 2866 323 2926 dern
347 2865 419 2924 hinc
439 2865 571 2925 ludibria
593 2865 779 2944 sequentur?
797 2900 802 2905 —
821 2865 889 2925 Hoc
912 2883 986 2923 sane
1004 2882 1117 2938 verum,
1141 2864 1172 2920 in

254 2947 349 3009 verbo
373 2955 405 3008 et
426 2957 619 3009 sacramento
643 2949 793 3009 tradendo
819 2947 914 3029 (haec
932 2947 1012 3006 euim
1030 2953 1101 3004 sunt
1115 2946 1173 3023 spi-

255 3029 395 3114 ritualia)
432 3031 593 3111 pontifices
624 3038 695 3092 sunt
722 3051 814 3111 super
843 3050 959 3092 omnes.
1003 3029 1116 3088 Verum
1144 3029 1173 3086 iu

254 3114 474 3195 temporalibus
486 3116 586 3193 rebus,
610 3113 729 3195 officiis,
749 3115 871 3190 tributo,
895 3132 999 3190 censu,
1022 3111 1175 3190 vectigali,

254 3207 283 3259 et
304 3197 447 3260 omnibus
470 3199 614 3258 oneribus
637 3198 815 3277 temporalis
831 3197 1026 3276 reipublicae,
1050 3213 1174 3273 prorsus

253 3280 417 3362 pontifices
439 3288 470 3340 et
491 3282 593 3342 clerici
616 3289 688 3341 sunt
710 3279 937 3360 magistratibus
960 3279 1089 3339 subiecti
1111 3279 1175 3337 iure
1220 3301 1222 3306 ¹

254 3366 375 3441 divino,
404 3383 463 3424 nec
485 3366 618 3445 exempti
642 3366 700 3423 nisi
722 3363 873 3424 beneficio
907 3363 995 3422 huius
1023 3361 1175 3420 humanae

153 3452 154 3457 ’
254 3456 422 3510 creaturae.

336 3529 427 3605 Quod
450 3532 475 3589 si
498 3529 623 3589 dixerit:
662 3529 838 3609 Spiritualia
861 3548 922 3588 non
945 3526 1086 3606 intelligo
1110 3546 1175 3604 per-

256 3633 347 3674 sonas
370 3614 471 3692 ipsss,
499 3633 570 3673 nam
594 3613 735 3673 volumus
758 3630 866 3673 ornnes
890 3630 965 3670 oves
988 3609 1099 3669 Christi
1123 3630 1176 3668 no-

153 3726 154 3730 *
255 3697 300 3757 bis
322 3716 392 3757 esse
414 3696 568 3757 subiectas
591 3704 622 3756 et
644 3695 834 3776 spirituales,
865 3693 918 3754 sed
941 3712 989 3752 res
1012 3694 1094 3772 ipsas
1117 3695 1175 3770 spi-

153 3794 154 3803 *
257 3781 397 3857 rituales,
421 3786 454 3840 ut
475 3799 531 3859 per
553 3779 737 3859 temporalia
759 3797 808 3838 res
832 3776 1028 3857 temporales,
1050 3793 1176 3853 respon

396 3951 430 3957 --
439 3953 445 3956 .
451 3948 643 3957 ----·-—--
653 3950 675 3955 .-

326 4051 357 4111 *)
383 4053 392 4100 1
417 4047 476 4100 Pet.
497 4047 521 4098 2.
561 4048 608 4111 **)
631 4045 723 4097 Matth.
748 4045 786 4100 17.
809 4049 836 4096 et
853 4043 894 4097 22.
941 4110 1008 4174 23*
