3075 4775
351 516 416 585 280
581 518 673 583 Rescl.
691 518 723 575 L.
742 536 827 591 snper
845 521 1057 610 I’rnposition.=

356 664 554 791 evangelium*
579 708 691 771 Christi
720 714 834 792 neget,
868 714 901 769 et
927 726 995 769 eam
1028 708 1115 770 nullo
1151 710 1285 771 crimina¹

356 790 420 853 tolli
433 790 572 855 affirmet.
615 792 735 855 Deinde
757 792 885 853 liberum
897 790 1054 853 arbitrium
1076 798 1203 855 actuum
1226 792 1276 869 (lo

356 877 469 939 minum
492 883 600 939 contra
622 876 793 955 ScrIpturas
816 874 984 945 defendit,
1075 928 1079 935 .

655 1041 876 1105 Conclusio
899 1040 978 1101 VIII.

399 1207 527 1269 Veritsti
550 1214 581 1267 et
600 1208 712 1269 rationi
734 1208 917 1268 contrarium
947 1208 1160 1287 estquidam,
1194 1210 1240 1269 in·

378 1293 440 1351 vite
465 1292 629 1351 morientes
652 1290 785 1351 deficere
805 1292 836 1351 in
859 1291 1002 1366 caritate,
1035 1291 1171 1371 ideoque
1195 1294 1260 1371 pati

379 1374 535 1435 horrorem
547 1374 722 1454 purgatorii,
746 1372 839 1435 modo
852 1376 964 1435 veritas
975 1381 1008 1435 et
1018 1376 1098 1435 ratio
1112 1376 1155 1434 sit
1163 1375 1262 1455 idem,

381 1455 463 1535 quod
487 1458 592 1537 opinio
615 1457 879 1537 theologistarum.
911 1508 916 1515 .

441 1539 527 1599 Haeo
550 1539 664 1599 nullum
688 1540 789 1601 adhuc
809 1540 903 1601 habet
924 1540 1161 1614 contristarem,
1186 1540 1279 1601 etde

360 1620 466 1685 eadem
490 1622 586 1681 multa
606 1623 637 1683 in
659 1624 864 1685 Resolutoriis
890 1622 963 1684 dixi.
1006 1622 1053 1683 Nc
1081 1624 1139 1683 sim
1164 1624 1277 1700 medlo,

359 1710 499 1785 repetere
520 1705 604 1767 nolo.

673 1840 888 1901 Conclusio
919 1840 970 1903 IX.

402 1958 530 2019 Animas
542 1960 572 2019 in
595 1959 773 2039 purgatorio
796 1966 976 2019 esseoertas
997 1958 1037 2019 de
1059 1958 1239 2036 salmossa,
1257 1956 1265 1980 '

379 2060 439 2101 nec
459 2043 589 2122 gratiam
610 2042 640 2101 iis
664 2042 708 2116 eis
731 2043 851 2121 augeri,
883 2043 997 2101 scimus
1018 2062 1037 2103 a
1060 2042 1259 2123 theologistis

380 2126 485 2199 asseri,
507 2122 561 2185 sed
577 2124 926 2198 miramurdoctissImns
948 2125 1039 2200 viros,
1061 2124 1146 2203 qnod
1168 2126 1260 2186 huius

380 2206 451 2269 fidei
474 2208 707 2267 suacrstionem
721 2226 780 2267 nec
801 2206 894 2268 stulto
917 2207 1115 2273 verisimilem
1128 2208 1260 2271 reddere

403 2296 520 2353 essunt.

382 2310 401 2369 p
442 2373 530 2434 Hanc
550 2371 651 2432 multis
671 2372 807 2452 impetiit
827 2371 955 2452 Eccins,
987 2371 1044 2434 scd
1066 2373 1141 2435 nihil
1165 2372 1280 2451 effecit,

361 2474 428 2518 cum
451 2457 552 2517 nullus
573 2455 730 2516 hominum
754 2457 833 2516 scire
854 2458 962 2534 possit,
984 2456 1138 2533 quidcem
1162 2459 1279 2518 anima·

362 2537 419 2600 bus
447 2547 556 2619 agatur
576 2541 605 2598 in
629 2540 816 2620 purgatorio.
858 2537 926 2600 Hac
947 2540 1140 2620 ignorantiae
1161 2541 1279 2618 profes·

361 2614 449 2682 sione
485 2622 575 2684 facile
611 2621 702 2682 eludo
732 2623 868 2681 omnium
898 2620 1052 2682 contraria
1085 2631 1279 2704 argumenta,

361 2705 444 2784 quod
466 2705 566 2766 nullus
588 2707 687 2784 possit
708 2703 833 2781 docere,
855 2704 937 2782 qnod
959 2723 1017 2765 nec
1039 2705 1124 2782 vidit,
1147 2725 1207 2766 nec
1227 2726 1277 2766 an·

361 2787 445 2865 divit,
468 2807 526 2848 nec
546 2790 576 2848 in
607 2807 661 2848 cor
682 2787 815 2848 hominis
837 2787 987 2848 ascendit.
1030 2787 1157 2868 Opinati
1179 2790 1279 2868 possi·

361 2890 427 2932 mus
450 2870 489 2931 de
511 2871 592 2930 iicet
608 2869 767 2944 similibus,
790 2878 935 2948 quantum
950 2870 1101 2947 volumus,
1125 2871 1179 2932 sed
1193 2872 1280 2932 theo·

284 3003 293 3025 ,
359 2953 480 3034 legistis
502 2954 656 3029 convenit,
679 2959 720 3030 nt,
742 2972 821 3031 qnae
843 2955 1005 3033 opinIones
1019 2961 1109 3033 sunt,
1130 2974 1187 3034 pro
1209 2957 1280 3016 arti·

360 3035 436 3098 culis
459 3036 637 3098 certissimis
661 3035 731 3096 fidei
749 3037 873 3096 iactent.

443 3119 491 3180 Ad
514 3126 693 3199 argumente
715 3138 805 3194 vero,
827 3137 958 3198 quornm
979 3125 1072 3198 capnt
1092 3126 1141 3180 est
1162 3126 1194 3180 et
1217 3141 1279 3181 nnn

360 3203 454 3264 virtus
477 3201 562 3279 illud,
585 3201 635 3262 hic
649 3221 741 3262 omne
756 3203 899 3262 meritum
921 3202 1103 3281 comparari,
1125 3222 1189 3264 nnn
1206 3203 1279 3281 illic,

360 3285 504 3365 respondi
528 3285 602 3346 satis
623 3286 654 3345 in
676 3285 884 3346 Resolutorio.
924 3278 990 3346 Nec
1011 3303 1070 3366 ego
1093 3303 1146 3346 eas
1169 3288 1279 3347 mereri
1374 3344 1375 3349 ,

362 3366 433 3441 dixi,
456 3368 510 3429 sed
533 3368 660 3448 gratiam
683 3369 789 3449 angeri
800 3365 843 3450 ¹),
865 3373 896 3427 et
917 3369 947 3427 in
971 3373 1051 3444 statu
1065 3368 1204 3428 merendi
1215 3389 1278 3430 non

362 3468 430 3511 esse
452 3470 521 3529 ens,
557 3450 620 3512 dlxi
643 3450 778 3512 nondum
808 3450 1048 3511 demonstratum
1077 3470 1164 3529 csse3
1194 3459 1280 3532 post·

360 3550 450 3612 qnam
474 3533 564 3595 fnerIt
585 3532 838 3610 demonstratum,
860 3532 978 3595 cedam.

673 3667 893 3729 Conclusio
921 3667 959 3727 X.

400 3783 540 3844 Meritum
555 3783 665 3844 Christi
688 3804 757 3845 esse
780 3776 955 3846 thesaurum
976 3784 1138 3864 ecclesiae,
1162 3783 1236 3869 οῖ’)

361 4025 377 4078 d
415 3953 446 4077 lt)
467 3954 500 4076 hl
521 3953 582 4008 add.
602 3954 715 4022 odgin:
743 3970 798 4009 non
819 3913 926 4024 suren.
962 3954 993 4020 2)
1013 3955 1043 4006 tn
1062 3953 1186 4011 editione
1205 3927 1292 4026 on‘gs

381 4041 425 4078 ess
444 4041 452 4080 ι
473 4041 507 4078 e.
