3075 4775
347 503 410 571 184
577 504 734 575 Disputatio
755 506 861 574 lipsius
879 506 979 561 liabita-
993 523 1017 560 a.
1036 506 1098 559 xix

350 696 388 757 de
410 694 513 756 cordis
534 701 733 775 compunct,
755 700 787 755 et
809 694 945 757 Homilia
965 696 1016 762 80.
1038 696 1077 757 de
1100 696 1216 775 poenit
1243 701 1280 758 et
1308 759 1312 764 ,

350 778 500 842 Sermone
516 780 566 843 29.
780 774 786 805 ’
1219 800 1247 825 ²

432 861 524 923 Addo
546 862 637 922 etiam
659 860 812 921 Isidorum
834 860 911 922 libro
934 864 963 925 2.
994 861 1176 923 desummo
1200 859 1280 922 bon.

349 965 395 1007 ca.
411 948 458 1009 12.
480 944 685 1025 Gompunctio
708 943 810 1005 cordis
833 950 880 1005 est
900 944 1055 1005 humilitas
1068 946 1181 1005 mentis
1204 964 1280 1005 cum

348 1030 492 1099 lacrimis,
514 1028 657 1091 exoriens
680 1026 951 1089 de'recordationa
964 1028 1086 1109 peccati
1108 1036 1139 1088 ιι
1159 1030 1281 1089 timore

347 1112 460 1173 iudicii.
483 1111 525 1172 Et
545 1117 611 1172 tcto
633 1109 711 1172 libro
735 1111 775 1170 dc
798 1112 982 1173 contritione
1005 1110 1121 1187 cordis,
1151 1119 1184 1171 ιι
1206 1132 1279 1192 ιρι-

349 1196 419 1257 ιιιο
447 1201 645 1276 peccatorum
667 1194 858 1274 Augustinus
887 1195 962 1255 nihil
989 1194 1072 1256 aliud
1094 1196 1175 1275 agit,
1210 1196 1279 1255 imo

348 1279 487 1340 hortatur
508 1285 703 1359 paccatorem
728 1278 885 1338 volentem
909 1280 1087 1358 poenitere,
1126 1285 1159 1337 ut
1187 1298 1279 1339 reco-

348 1364 425 1441 gitet
447 1368 508 1422 tres
530 1361 671 1441 abyssos,
693 1360 811 1420 scilicet
825 1370 1020 1441 peecatorum
1041 1380 1176 1443 suorum,
1200 1382 1280 1441 poe-

349 1465 471 1522 narum,
505 1450 536 1504 et
523 1442 736 1504 tiudiciorum
756 1443 822 1505 Dei.
854 1443 960 1509 SicB
982 1444 1155 1505 Bernardus
1181 1452 1280 1525 super

348 1528 483 1589 canticis
513 1546 571 1588 sar.
594 1530 632 1591 16
660 1533 691 1586 et
719 1526 788 1586 aliia
815 1527 952 1607 pluribus
974 1528 1065 1605 locis,
1100 1527 1277 1607 Gregorius

347 1612 378 1671 in
401 1608 567 1671 moralibus
591 1609 641 1670 lib.
655 1613 683 1673 2.
707 1618 739 1669 ιι
753 1614 782 1686 5,
805 1612 928 1671 etitem
953 1630 1045 1691 super
1066 1630 1111 1671 ιι.
1133 1614 1182 1674 29.
1199 1611 1280 1688 lob,

349 1693 426 1754 libro
449 1711 572 1772 quoquc
594 1696 623 1757 2.
646 1712 738 1774 super
758 1692 893 1770 Erech,
923 1694 974 1755 ubi
996 1694 1131 1754 Humilia
1155 1696 1205 1757 19.
1229 1696 1277 1754 in·

349 1778 430 1873 quit:
462 1776 703 1856 scriptumest:
735 1776 856 1836 Initium
886 1778 1056 1873 sapientiae
1090 1778 1182 1838 timor
1212 1778 1277 1837 Do-

349 1861 432 1920 mini.
455 1860 586 1925 Constat
606 1859 716 1939 procul
736 1858 846 1938 dubia,
875 1862 947 1939 quia
975 1880 994 1919 a
1017 1861 1127 1920 timore
1148 1859 1188 1921 ad
1212 1860 1276 1921 Do-

349 1944 465 2004 minum
488 1941 628 2003 ascendit
616 1949 675 2017 tur,
698 1961 762 2003 non
785 1950 885 2003 autem
909 1963 928 2003 a
949 1944 1070 2023 sapient
1070 1944 1100 2003 ιι
1058 1943 1160 2003 tad
1185 1945 1277 2005 timo·

349 2046 413 2086 rem
436 2025 560 2086 reditur
603 2025 758 2121 Prbpheta
781 2044 854 2106 ergo
878 2025 917 2085 de
939 2026 1125 2087 coelestibus
1148 2025 1220 2087 ad
1211 2047 1278 2088 ιιιιι

350 2108 546 2187 loquebatur,
575 2109 679 2187 coepit
699 2108 798 2188 magis
820 2128 839 2168 a
860 2110 1027 2190 sapientia,
1058 2114 1090 2169 ιι
1078 2109 1277 2170 ιιιιιιιιιιιιι

348 2191 388 2251 ad
409 2192 561 2252 timorem.
606 2189 667 2251 Sed
690 2211 764 2268 nos,
795 2194 846 2270 qui
869 2212 889 2253 a
909 2194 1037 2252 terrenis
1061 2192 1099 2252 ad
1122 2194 1277 2254 coelestia

265 2324 276 2334 .
349 2274 521 2349 tendimus,
550 2273 675 2334 eosdem
705 2273 818 2354 gradus
842 2275 1040 2371 ascendendo
1063 2295 1275 2352 numeramus,

236 2376 244 2395 ι
348 2364 382 2418 ιι
402 2378 422 2418 a
442 2358 552 2419 timore
566 2356 802 2437 adsapiantiam
817 2359 979 2438 pervenire
994 2357 1161 2420 valeamus.
1184 2323 1275 2420 Idem
1313 2384 1315 2394 ’

348 2441 399 2501 lib.
423 2445 450 2503 1.
473 2459 565 2521 super
585 2440 697 2502 Ezech.
720 2441 817 2519 dixit,
840 2441 916 2502 duas
940 2462 1009 2503 esse
1029 2461 1165 2522 pennas,
1189 2443 1272 2502 acili-

347 2530 398 2584 cet
418 2525 612 2584 timoremat
632 2525 875 2604 poenitentiam,
907 2545 986 2604 quae
1009 2534 1114 2605 tegere
1137 2543 1275 2606 corpora

348 2606 453 2668 dicunt
441 2613 505 2682 tur,
525 2595 557 2666 id
579 2613 642 2682 eat,
664 2614 801 2686 peccata.

429 2689 477 2749 Ex
498 2689 606 2768 quibus
638 2690 799 2770 omnibus,
838 2689 941 2768 quoad
969 2709 1060 2751 unam
1088 2692 1272 2770 particulam

348 2771 428 2833 dat
409 2780 535 2852 tumore,
568 2771 640 2833 volo
673 2773 787 2834 habere
813 2772 1008 2915 conclusum,
1043 2773 1122 2834 bene
1151 2775 1273 2854 praedi-

346 2876 434 2916 casse
447 2862 572 2916 nostrae
594 2856 767 2935 tempestat
760 2877 786 2917 ιι
805 2862 836 2916 ιι
854 2873 1018 2936 superioris
1028 2857 1273 2936 praedicatores,

347 2939 430 3018 quod
454 2939 644 3019 poenitentia
665 2959 685 2997 ι
706 2940 817 2999 timore
838 2940 980 3018 incipiat:
1012 2947 1043 3000 et
1065 2939 1146 3018 quod
1169 2941 1272 3000 nitun-

346 3030 401 3082 tur'
417 3021 610 3082 sermonibus
633 3022 708 3080 suis
726 3023 757 3080 in
780 3021 895 3102 populo
918 3023 1057 3082 timorem
1083 3021 1113 3102 ¹)
1136 3023 1194 3083 Dei
1218 3043 1274 3084 sc-

347 3106 477 3181 minare,
500 3111 533 3164 ut
554 3105 599 3164 sic
619 3102 734 3164 semen*
743 3103 858 3166 diaboli
870 3105 1065 3184 exstirpetur,
1084 3107 1174 3183 iuxta
1195 3106 1273 3166 illud

346 3186 487 3268 Origenis
506 3187 558 3247 lib.
579 3189 607 3250 3.
631 3187 811 3265 superlobz
839 3187 944 3248 Bonus
966 3193 1013 3248 ιιι
1035 3190 1126 3250 timor
1148 3207 1273 3268 poenae

348 3279 379 3328 ιι
400 3270 602 3347 iudiciorum,
633 3289 722 3348 quem
751 3271 809 3330 nisi
844 3270 976 3331 daemon
1006 3271 1177 3352 expulerit,
1207 3292 1272 3333 non

346 3354 458 3431 poterit
480 3353 632 3412 seminare
653 3373 759 3413 semen
775 3360 982 3433 peccatorum.
1004 3354 1052 3414 Ex
1065 3374 1135 3451 ‘quo
1157 3354 1273 3416 deinde

347 3437 569 3495 consectarium
610 3442 674 3509 ιιι,
709 3438 931 3515 poenitentiam
965 3457 1034 3498 non
1059 3438 1215 3534 incipere·
1231 3439 1272 3499 ab

345 3536 452 3579 amore
468 3528 500 3577 ιι
519 3517 685 3580 dilectione
706 3521 857 3594 iustitiae,
880 3521 1020 3604 quamvis
1042 3521 1066 3579 si
1088 3521 1133 3581 ιιι
1154 3522 1270 3601 incipe·

347 3611 411 3676 ιιι,
432 3601 530 3661 fateor
553 3620 619 3661 cam
644 3622 713 3662 esse
734 3565 968 3665 laudabiliorem
991 3612 1023 3663 et
1045 3603 1273 3683 perfectiorem,

347 3703 440 3762 quam
463 3682 546 3762 quod
567 3703 587 3743 a
608 3685 718 3746 timore
739 3705 861 3765 poenae
883 3687 1040 3782 inciperet
1094 3688 1136 3746 At
1156 3687 1271 3768 fragili·

347 3776 394 3826 ιιι
423 3776 529 3828 ιοιιιι
555 3764 586 3826 id
608 3786 670 3828 non
700 3771 827 3849 patitur,
860 3770 908 3828 cui
936 3770 1084 3834 Dominus
1111 3770 1205 3831 lesus
1239 3777 1272 3832 ιι

358 3908 788 3920 ψ--ῇ-.-.-..

381 3994 418 4066 1)
432 3999 464 4054 In
482 3999 525 4054 cd.
544 3999 605 4055 lan.
624 4004 653 4053 et
669 4000 743 4069 apud
762 4001 894 4056 bassan:
919 4003 1028 4056 timore.
