3075 4775
449 593 452 606 .
563 502 910 621 ahotsriisaxnspta‘
1073 597 1085 623 Ι,
1129 548 1172 618 81

249 741 348 802 stoiioi
369 740 499 803 honoris
518 739 680 804 consulitis
689 739 856 822 fastigium,
877 739 1014 819 honoria,
1036 740 1172 821 iuquam,

249 823 343 903 iliius,
374 825 523 904 quoniam
542 831 666 904 praeter
687 824 756 902 ilis,
786 841 867 903 quse
895 829 968 886 suist
987 824 1172 900 extrinseca,

250 907 423 969 sollicitudo
454 914 559 969 manet
590 909 725 968 omnium
758 907 973 987 ecclesiarum,
1006 926 1099 988 super
1119 925 1173 969 sn·

248 990 305 1051 xiie
326 991 420 1052 rebus
454 1009 534 1070 quae
554 991 596 1052 sit
616 989 750 1054 tenende
771 991 927 1052 sententia
948 991 1094 1070 anitquis
1115 992 1172 1055 uci-

249 1073 321 1134 licet
346 1075 474 1156 regulae
495 1075 625 1136 formam
655 1074 760 1144 secuti.
804 1072 884 1148 Quid
913 1075 1087 1153 expressius
1108 1073 1172 1138 dici

249 1159 345 1236 possit
367 1166 514 1238 tempore
530 1156 1004 1238 Augustinippspemehabnisse
1023 1157 1174 1238 sollicitus

250 1239 351 1302 dinem
377 1240 416 1302 de
438 1240 579 1302 omnibus
601 1242 754 1320 eeclesiis,
783 1247 815 1300 et
842 1240 927 1320 quod
948 1246 1022 1302 tunc
1042 1258 1106 1302 non
1127 1241 1172 1302 in·
1256 1297 1261 1306 ,

250 1326 339 1405 cepit,
362 1323 420 1386 sed
441 1324 601 1386 sittforma
622 1325 767 1404 antiquae
787 1323 925 1405 regulae.

328 1406 451 1468 Deinde
472 1408 556 1468 venit
576 1407 763 1468 reverendus
785 1407 878 1468 Pater
911 1426 981 1469 oum
1011 1424 1071 1467 suo
1092 1405 1173 1467 Hor·

250 1491 326 1569 culs,
349 1491 412 1552 hoc
433 1497 490 1570 est,
510 1490 630 1552 ratione
650 1491 706 1552 iile
725 1491 835 1571 viginti
855 1509 1017 1552 susorum:
1034 1488 1094 1552 Ubi
1114 1488 1173 1550 Ec-

250 1573 344 1634 clesis
352 1574 526 1635 fueritsnte
536 1573 731 1636 Romanam?
752 1573 1082 1653 Responmoevsmm
1102 1591 1173 1635 esse

226 1655 403 1718 ’Christum
433 1659 480 1728 in,
494 1657 657 1738 evangelio
684 1676 749 1718 uon
784 1659 976 1737 expressisse
997 1657 1171 1724 Romanurn

250 1741 431 1818 ecclesium,
453 1740 508 1802 sed
530 1741 651 1802 Petrum
673 1741 844 1820 prinoipem
866 1740 1077 1821 apostolorum
1099 1757 1172 1802 con·

249 1824 398 1887 stitutum
432 1823 519 1886 Unde
541 1824 612 1903 quia
632 1821 758 1902 Petrus,
789 1824 875 1885 cuius
895 1829 964 1884 erat
983 1824 1172 1904 principatus

248 1906 373 1968 iubente
393 1907 546 1985 Domino,
575 1907 728 1968 transtulit
756 1906 863 1968 sedens
884 1906 923 1968 ab
945 1906 1112 1968 Antiochia
1130 1905 1171 1966 ad

248 1990 402 2069 Romam,
434 2009 528 2069 quere
554 1990 628 2052 tunc
654 2009 717 2052 non
748 1991 816 2053 iure
836 1990 988 2068 humano,
1010 1989 1064 2052 sed
1086 1990 1176 2053 iussu.

248 2073 304 2134 Dei
324 2075 410 2134 facte
431 2079 479 2134 est
494 2074 606 2153 prime,
634 2073 701 2134 iure
731 2072 814 2154 prius
844 2093 865 2136 a
887 2074 920 2135 B.
943 2073 1033 2135 Petro
1054 2071 1175 2149 habito,

248 2163 282 2218 ut
307 2163 440 2218 testetur
471 2157 632 2220 Marcellus
665 2164 790 2218 sanctus
824 2164 940 2237 martyr
965 2164 997 2218 et
1021 2175 1103 2236 popa
1124 2174 1170 2218 ca

248 2240 346 2321 Roga.
377 2241 428 2304 24.
457 2258 488 2319 q.
512 2244 545 2303 1:
586 2239 671 2302 Licet
698 2241 798 2320 prims
826 2239 918 2302 sedes
945 2241 977 2304 in
1005 2238 1172 2302 Antiochia

248 2323 356 2403 inerit,
384 2324 538 2405 posterius
566 2322 692 2387 iubente
713 2323 847 2387 Domino
867 2321 1000 2387 Romam
1022 2323 1171 2387 translata

249 2416 303 2469 est.
346 2406 424 2483 Quis
446 2408 527 2469 enim
549 2408 593 2469 its
613 2407 734 2488 desipit,
757 2415 792 2469 ut
811 2408 975 2488 primatum
1002 2408 1077 2469 velit
1097 2408 1170 2469 ioco

159 2546 161 2551 .
249 2490 384 2573 affigere.
427 2490 491 2553 Sed
519 2491 597 2555 haec
625 2499 673 2553 est
693 2490 724 2553 S.
746 2492 870 2553 Petrum
901 2493 1069 2569 sententia,
1097 2491 1171 2570 quic

248 2575 310 2636 iure
346 2574 452 2637 divino
475 2575 581 2637 Petrus
608 2576 790 2637 constitutis
821 2576 862 2637 sit
889 2576 1001 2637 Christi
1028 2575 1170 2652 vicarius,

248 2664 278 2719 st
297 2677 409 2720 omues
437 2676 642 2737 successores,
674 2657 782 2738 quoles
800 2664 872 2721 sunt
890 2659 1023 2720 Romani
1045 2655 1171 2721 Pontifi-

248 2759 312 2821 ces,
335 2741 388 2802 ubi
411 2741 550 2804 locorum
571 2741 700 2819 fuerint,
724 2749 795 2802 sunt
816 2742 921 2804 vicarii
943 2740 1065 2804 Christi.
1107 2738 1169 2801 Ro·

249 2844 355 2885 manus
376 2844 433 2887 rex
455 2824 505 2885 vel
525 2826 693 2906 imperator
712 2844 776 2903 non
806 2831 856 2887 est
883 2824 934 2885 vel
965 2824 1005 2885 ob
1026 2823 1087 2886 hoa
1107 2823 1168 2883 Ro·

249 2927 324 2971 mae.
347 2908 394 2969 lta
415 2908 536 2972 videtur
556 2910 691 2972 sensisse
712 2908 746 2969 Β.
766 2908 956 2989 Augustinus
978 2912 1087 2968 conus
1106 2905 1168 2965 hia·

249 2991 404 3071 metuens,
425 2991 531 3055 Palem
554 2998 616 3070 est,
645 2993 762 3071 inquit,
795 2991 879 3072 quod
899 2993 933 3051 iu
953 3009 987 3050 re
1014 2988 1108 3051 dubis
1128 2988 1168 3050 ad

250 3073 461 3137 certitudinem
483 3074 555 3137 fidei
577 3075 681 3139 valeat
701 3077 851 3139 sutoritss
872 3074 1025 3137 ecclesiae
1041 3071 1175 3133 catholi·

250 3176 311 3236 cae,
336 3177 418 3238 quse
440 3158 479 3219 ab
499 3160 574 3239 ipsis
595 3158 815 3223 fundatissimis
848 3158 1060 3240 apostolorum
1089 3154 1168 3218 sedi·

249 3239 301 3302 bus
323 3240 486 3321 usquead
507 3241 685 3327 hodiernam
709 3240 809 3321 diem,
837 3240 1068 3303 succedentium
1098 3238 1168 3303 sihi-

251 3331 363 3387 metet
384 3324 611 3405 Episcopcrum
642 3326 721 3387 serie
741 3332 776 3394 et
795 3326 903 3405 populi
926 3344 1097 3401 consensu,
1119 3320 1168 3383 fir·

251 3416 356 3487 matur,
379 3427 474 3489 quare
495 3409 527 3469 in
537 3408 686 3489 Epistoiis
710 3409 885 3489 catalogum
908 3408 1001 3469 refert
1011 3408 1048 3469 B.
1065 3407 1167 3487 Augu·
1241 3454 1246 3457 .

250 3492 342 3555 sinus
350 3492 560 3555 Romanorum
574 3490 767 3555 Pontificum.
790 3492 876 3553 Haec
896 3491 936 3553 de
947 3489 1166 3572 praeambulis.

528 3625 618 3737 diuiso
638 3674 678 3737 sd
699 3675 878 3759 principale.
986 3720 992 3726 .

328 3844 544 3923 Responsurus
565 3842 751 3903 reverendus
766 3842 856 3903 Pater
876 3840 1009 3902 inductis
1029 3858 1085 3923 per
1105 3856 1165 3916 me,

251 3924 310 3987 dixi
324 3926 406 3995 enim
424 3925 546 3987 Petrum
568 3927 633 3987 inre
653 3925 758 3987 divino
775 3924 890 3985 ceteris
910 3922 1060 4004 apostolis
1080 3940 1167 4002 prae

251 4007 362 4087 latum,
390 4008 497 4069 Matth.
525 4010 572 4072 16.
599 4007 739 4090 Allegavi
767 4008 1007 4088 Hieronymum,
1036 4006 1166 4067 Bernar-

252 4090 329 4177 dum,
349 4092 486 4154 Leonem
508 4098 539 4153 ot
560 4090 755 4173 Cyprianum.
777 4090 829 4151 Ad
849 4108 930 4171 quos
942 4088 1017 4150 nihil
1038 4096 1164 4166 respon-

275 4210 365 4257 tutsrr
378 4220 430 4262 opp.
445 4210 473 4254 v.
485 4210 515 4253 s.
529 4210 559 4251 su
571 4208 613 4252 ror.
627 4208 678 4252 ua
693 4210 708 4252 u
722 4221 744 4261 p.
758 4208 863 4252 nsunt
978 4183 1000 4250 6
