3075 4775
327 513 389 581 366
579 516 674 573 Recol.
693 516 722 571 L.
742 532 827 585 super
845 518 1039 587 Propositione

329 700 460 781 Spiritus
487 707 613 763 sanctus
632 703 745 781 ‚posuit
772 703 949 782 episcopos,
973 701 1043 778 et¹)
1067 702 1182 782 regatis
1205 719 1257 761 ec-

330 784 458 845 clesiam
480 785 548 862 Dei,
571 803 662 863 quarn
684 786 846 863 acquisivit
867 788 1016 866 sangnine
1039 804 1106 845 suo.
1141 785 1190 846 Ac
1215 804 1257 843 ne

332 887 410 947 quos
432 868 627 928 contentiose
648 869 679 927 in
703 887 763 928 una
786 867 919 929 ecclesia
943 869 1045 949 plures
1066 868 1161 928 fuisse
1188 868 1254 946 epi-

328 969 442 1030 scopos
465 950 649 1028 contendat,
681 950 784 1011 audiat
809 950 890 1010 allud
913 952 1121 1013 testimonium
1135 951 1189 1030 ⁴⁵),
1221 951 1253 1009 in

328 1052 390 1112 qno
412 1034 660 1095 manifestissime
679 1032 913 1113 comprobatur,
937 1034 1067 1095 eundem
1096 1052 1165 1093 esse
1189 1036 1254 1112 cpi-

327 1135 456 1197 scopnm
479 1116 823 1196 atquepresbyterum:
854 1116 984 1198 Propter
1006 1118 1066 1178 hoc
1087 1117 1197 1195 reliqui
1221 1123 1253 1176 te

225 1224 230 1233 ·
329 1200 461 1278 Cretae,
484 1206 519 1261 ut
538 1218 618 1279 quae
640 1198 769 1259 deerant
797 1202 976 1281 corrigeres,
995 1208 1026 1261 et
1046 1202 1253 1261 constitueres

329 1284 494 1363 episcopos
516 1302 571 1363 per
593 1284 743 1358 civitates,
766 1284 920 1343 sicuttibi
942 1284 1103 1356 mandavi,
1133 1284 1158 1342 si
1181 1284 1252 1361 quis

327 1370 376 1427 cst
408 1367 474 1425 sine
498 1366 641 1442 crimine,
676 1367 765 1425 unius
794 1367 898 1427 uxoris
928 1368 989 1446 vir,
1022 1365 1102 1427 filios
1131 1365 1253 1427 habens

326 1447 450 1527 fideles,
480 1468 542 1509 non
564 1450 596 1507 in
618 1450 817 1508 accusatione
838 1448 995 1527 luxuriae,
1027 1456 1155 1509 autnon
1180 1448 1251 1508 sub

328 1530 420 1593 ditos.
465 1530 595 1611 Oportet
622 1533 703 1590 enim
731 1533 910 1612 episcopum
933 1534 999 1593 sine
1022 1532 1147 1593 crimine
1169 1550 1252 1605 esse,

325 1615 405 1675 sicut
427 1614 486 1675 Dei
509 1613 763 1693 dispensatorem.
807 1614 846 1674 Et
874 1616 913 1675 ad
934 1614 1153 1690 Timoth.**]:
1176 1614 1251 1673 Noli

325 1697 483 1777 negligere
504 1698 652 1777 gratiam,
688 1716 768 1775 quae
797 1696 869 1759 data
892 1699 1016 1759 esttibi
1040 1718 1095 1778 per
1115 1696 1253 1776 prophe-

325 1781 410 1858 tiam,
432 1786 463 1839 et
484 1800 538 1860 per
557 1781 786 1859 impositionem
810 1800 954 1843 manuum
974 1780 1166 1861 presbyterii.
1188 1779 1251 1841 Sed

326 1869 357 1923 et
377 1863 485 1924 Pet-rus
515 1864 546 1923 in
578 1863 710 1943 epistola
729 1863 927 1943 prima***):
951 1863 1168 1945 Presbyteros,
1197 1866 1250 1941 qui

325 1947 356 2006 in
381 1946 469 2008 vobis
491 1954 579 2023 sunt,
612 1965 722 2026 precor
755 1966 815 2027 ego
846 1947 1068 2027 conpresbyter
1100 1954 1131 2007 et
1162 1948 1251 2006 testis

324 2030 503 2108 passionum
526 2029 655 2107 Christi,
685 2036 717 2089 et
737 2029 873 2107 suturae,
902 2049 982 2108 quae
1003 2029 1169 2090 revelanda
1191 2040 1250 2107 est,

324 2111 442 2191 gloriae
473 2114 645 2192 particeps,
679 2113 778 2192 regite
799 2132 925 2193 gregem
951 2112 1080 2190 Christi,
1103 2118 1135 2172 et
1154 2113 1250 2191 inspi-

324 2195 383 2253 cite
411 2214 474 2255 non
505 2214 544 2255 ex
577 2196 784 2273 necessitate,
817 2196 872 2255 sed
894 2195 1129 2274 voluntarie2),
1162 2196 1251 2255 iuxta

325 2276 433 2337 Deum.
485 2277 575 2352 Quod
612 2278 704 2357 quide
736 2297 850 2364 graece
884 2278 1108 2359 significantius
1139 2278 1253 2337 dicitur

321 2355 616 2437 Ἐπισκοποῦντες,
651 2361 732 2424 unde
762 2366 794 2424 et
816 2381 930 2424 nomen
954 2362 1091 2444 episcopi
1118 2367 1250 2423 tractum

326 2450 382 2505 est.

407 2527 506 2587 Parva
530 2527 584 2588 tibi
614 2528 756 2588 videntur
785 2535 938 2590 lautorum
969 2528 1144 2589 testimonia
1166 2529 1248 2588 viro-

324 2610 411 2670 rum?
434 2609 566 2691 Olangat
587 2611 660 2673 tuba
681 2612 871 2691 evangelica,
894 2610 973 2672 filins
998 2613 1131 2690 tonitrui,
1154 2630 1247 2690 quem

324 2693 409 2766 Iesus
431 2694 592 2773 plurimum
617 2695 746 2773 amavit,
779 2696 830 2773 qni
852 2694 891 2755 de
914 2695 1080 2774 pectore³)
1107 2695 1249 2756 Salvato-
1296 2724 1299 2729 ·

322 2779 363 2838 ris
386 2777 593 2840 doctrinarum
621 2777 738 2837 fluenta
767 2780 903 2856 potavit:
933 2777 1096 2858 Presbyter
1126 2777 1249 2838 electae

325 2859 469 2921 dominae
491 2867 520 2921 et
542 2859 613 2920 filiis
636 2862 719 2939 eius,
750 2880 828 2939 qnos
850 2879 909 2942 ego
933 2860 1028 2941 diligo
1051 2861 1082 2920 in
1106 2862 1248 2922 veritate.

323 2942 364 3003 Et
396 2943 457 3003 alia
485 2943 629 3021 epistola:
654 2943 817 3023 Presbyter
845 2943 924 3005 Gaio
947 2945 1120 3021 carissimo,
1151 2963 1247 3022 quem

324 3046 384 3107 ego
407 3027 438 3086 in
460 3027 589 3086 veritate
613 3025 719 3107 diligo.

408 3108 498 3184 Quod
521 3116 623 3169 autem
647 3117 755 3190 postea
779 3129 856 3170 unus
879 3110 996 3170 electus
1014 3116 1068 3188 est,
1092 3110 1142 3188 qni
1166 3115 1248 3169 cete-

324 3193 364 3252 ris
386 3200 644 3273 praeponeretur,
679 3194 710 3252 in
740 3191 910 3253 remedium
937 3192 1109 3253 schismatis
1132 3192 1248 3252 lactum

325 3281 381 3354 est,
410 3296 450 3336 ne
473 3276 682 3354 unusquisqne
703 3275 742 3336 ad
765 3295 800 3336 se
821 3275 944 3336 trahens
976 3274 1140 3336 ecclesiam
1163 3274 1249 3335 chri-

325 3359 363 3418 sti
385 3366 548 3439 rumperet.
591 3358 669 3418 Nam
700 3366 732 3419 et
751 3357 960 3420 Alexandriae
988 3379 1007 3418 a
1028 3359 1131 3420 Marco
1154 3377 1251 3418 evan-

325 3441 437 3521 gelista
458 3461 553 3521 usque
576 3441 614 3501 ad
636 3440 806 3520 Esdram4)
833 3449 864 3502 et
879 3442 1061 3522 Dionysium
1083 3443 1251 3520 episcopos

325 3523 496 3605 presbyteri
520 3543 643 3605 semper
664 3545 703 3585 ex
726 3545 760 3585 se
782 3545 873 3585 unum
897 3524 1066 3605 eligebant,
1090 3531 1120 3584 et
1142 3525 1173 3583 in
1197 3544 1252 3584 ex-

325 3608 455 3669 celsiore
477 3607 575 3687 gradu
598 3608 812 3687 collocabant,
837 3627 926 3687 quern
950 3608 1128 3688 episcopum
1152 3610 1251 3669 norni-

397 3829 481 3898 1)1n
510 3831 554 3885 ed.
582 3832 641 3884 Jen.
668 3838 696 3884 et
721 3833 812 3885 wita:
851 3835 888 3882 ut.
935 3829 967 3898 2)
1000 3829 1068 3884 lbid.
1097 3828 1251 3884 voluntate.

324 3904 356 3971 3)
378 3905 408 3956 ln
433 3903 476 3956 ed.
497 3905 580 3972 orig:
608 3905 721 3970 pictore.
758 3901 791 3970 4)
813 3903 842 3954 ln
864 3901 906 3956 ed.
927 3902 987 3955 len.
1008 3906 1035 3954 et
1054 3901 1143 3953 with:
1163 3899 1252 3954 Hera·

325 3975 427 4123 flami)
450 4047 501 4100 Tit.
527 4037 558 4097 l.'
586 4043 634 4114 ”)
656 4046 680 4099 1.
700 4046 771 4098 Tim.
793 4046 818 4099 1.
858 4043 925 4112 m)
948 4044 1093 4098 1,Pet,5,
