3075 4775
531 541 613 597 luiz
626 541 661 596 do
675 544 816 610 potsstste
836 540 934 609 Popoe.
1136 500 1198 605 383

275 727 423 808 spostolo
445 729 614 808 munientur
626 728 808 807 Edisssnoe,
829 747 910 809 quse
931 726 1107 808 apostolum
1119 726 1198 789 'i'ho-

277 830 357 874 mom
396 811 514 874 hebet?
564 813 625 873 Our
658 812 940 892 Hiemsoiymitsns
971 810 1018 873 his
1058 811 1199 873 omnihus

276 896 384 973 quinto
403 895 486 955 toto
515 899 725 976 postponitur,
756 914 836 975 quse
863 894 1032 971 Christum,
1065 894 1198 972 Petrum,

274 976 439 1055 isoobum,
461 977 645 1055 Iohannem,
672 982 746 1040 item
768 978 914 1039 luoobum
937 978 1113 1053 solmnnus,
1147 976 1201 1058 (ut
1289 1026 1297 1037 .

275 1060 391 1121 Paulus
412 1060 514 1123 (istst
536 1064 565 1125 2.
592 1063 715 1124 soribitt
734 1062 855 1143 hebuit,
876 1069 908 1124 et
929 1062 1088 1121 universos
1110 1059 1199 1125 disti·

276 1143 391 1223 pulos?
418 1144 524 1222 Vides,
546 1164 637 1223 quum
659 1146 699 1206 sit
720 1145 805 1206 nuile
825 1144 926 1207 totio?
949 1143 1198 1223 quemchristus

274 1226 417 1288 studiose
438 1227 527 1289 huius
555 1230 703 1309 primatus
722 1228 923 1289 umbitionem
948 1228 1141 1309 praevenerit
1155 1224 1198 1303 ¹),

274 1317 308 1370 et
327 1329 439 1371 osuses
461 1311 599 1371 eiusdem
622 1314 743 1391 penitus
765 1310 959 1373 confuderit?
1065 1310 1070 1321 ’

359 1393 489 1455 Deoimn
516 1402 619 1471 sexto,
651 1396 677 1454 si
711 1394 751 1457 ad
785 1394 870 1455 solos
893 1394 974 1455 Petri
1002 1411 1197 1458 suooessoros

275 1477 411 1556 pertinet
438 1476 564 1540 verbnm
591 1477 719 1539 Christi:
753 1477 799 1537 Tu
828 1497 862 1537 es
893 1477 1016 1553 Petrus,
1049 1485 1082 1537 et
1101 1475 1197 1537 Pssoe

276 1579 363 1639 oves,
386 1562 452 1639 pori
473 1560 602 1640 sequela
617 1560 832 1623 concludetur:
856 1560 957 1621 Solius
970 1560 1114 1623 iohannis
1131 1577 1197 1621 suo

276 1661 418 1703 cessores
447 1663 517 1704 esse
538 1642 618 1705 filios
641 1644 754 1704 Mariae
787 1645 816 1703 in
839 1662 930 1703 oruoe
954 1641 1199 1717 commendatos,

276 1726 363 1787 solos
394 1726 464 1805 plus
492 1728 601 1787 esteris
634 1727 782 1803 dilectos,
817 1728 891 1806 quie
925 1726 1007 1785 huno
1039 1724 1138 1786 solum
1167 1726 1197 1783 in
1233 1769 1244 1780 .

277 1827 368 1869 oruue
391 1809 543 1870 allocutus
565 1811 653 1870 metri
676 1808 914 1871 sommendevit.
936 1808 1020 1889 Ergo
1044 1808 1082 1868 ab
1099 1808 1199 1887 Ephe·

276 1894 353 1953 sinis
376 1894 533 1974 episeopis
549 1894 821 1973 soeipiuntoeteri,
844 1900 878 1954 ut
899 1893 960 1953 sint
981 1891 1198 1953 iiliieooiesiee

190 2032 193 2040 .
274 1983 309 2037 et
328 1975 454 2035 Murius.
495 1977 572 2037 item
604 1978 664 2037 soli
691 1995 888 2039 sneoossores
905 1976 1010 2037 iseobi
1039 1984 1070 2037 et
1091 1974 1197 2039 iohan-

277 2060 325 2119 nis
348 2068 454 2119 essent
479 2058 534 2119 iiiii
556 2061 696 2137 tonitrui,
732 2067 764 2121 st
790 2060 849 2121 soli
877 2078 1072 2119 suooessores
1092 2056 1196 2125 isoobi

275 2142 404 2203 minoris
425 2142 569 2221 esssnt2)
603 2144 875 2220 mereremini,
908 2150 941 2203 et
970 2143 1099 2203 omnino
1116 2160 1197 2204 ¹orn·

274 2226 379 2303 nium,
406 2225 446 2285 sd
468 2244 546 2305 quos
567 2225 705 2288 Christus
727 2226 825 2287 semel
846 2226 968 2287 locutus
988 2233 1054 2303 ost,
1077 2242 1198 2289 sucoss-

274 2326 363 2369 soros
391 2307 542 2370 heberent
568 2310 678 2371 eodem
704 2312 770 2371 iure
803 2310 918 2373 divino.
962 2308 1030 2385 Qun
1054 2308 1126 2389 quid
1149 2326 1198 2371 vt·

275 2394 344 2455 nius
367 2391 427 2452 diei
449 2393 572 2472 potest?

361 2475 507 2552 [Deoimo
540 2478 687 2556 septime,
721 2479 748 2538 si
776 2478 863 2558 Papo
890 2485 973 2538 esset
999 2479 1064 2538 iure
1091 2475 1198 2540 divino

275 2578 369 2639 super
390 2578 498 2619 omnes
525 2559 633 2620 fideles
656 2561 824 2638 ecelesiae,
858 2560 959 2620 nulius
991 2567 1097 2639 posset
1129 2577 1198 2616 eum

275 2641 455 2721 absolvers,
486 2662 545 2704 neo
566 2642 764 2706 confitentem
787 2643 903 2710 audire.
947 2642 1025 2717 Quia
1052 2642 1197 2721 quidquid

273 2726 348 2785 iuris
371 2724 466 2785 divini
489 2735 554 2803 est,
587 2727 777 2788 immutabile
805 2733 867 2804 est,
900 2745 958 2786 neo
985 2725 1048 2786 ullu
1077 2725 1198 2784 ratione

274 2815 383 2888 potest
401 2827 437 2868 ss
457 2809 546 2869 siteri
566 2809 762 2886 submittere,
790 2817 822 2871 et
843 2816 1029 2889 potestatem
1050 2827 1143 2888 super
1164 2825 1198 2868 se

275 2893 350 2971 poti,
374 2891 441 2950 sine
462 2892 535 2951 iuris
557 2892 654 2953 divini
673 2894 792 2954 iniuria.
833 2893 903 2954 Non
927 2894 1007 2952 enim
1031 2898 1134 2972 potest
1154 2892 1198 2950 in·
1227 2885 1242 2894 ’

274 2975 370 3036 ferior
390 2976 531 3053 superior
551 2974 616 3036 flori
639 2977 701 3036 ulio
723 2983 832 3057 puoto,
860 2977 917 3036 nisi
940 2976 1099 3036 hominum
1122 2974 1198 3036 urbi·

275 3060 344 3119 trio.
390 3057 441 3116 Ius
462 3057 597 3118 divinum
621 3066 683 3120 stet
702 3058 796 3119 fixum
819 3061 849 3119 in
872 3078 910 3120 eo
934 3057 1015 3138 quod
1040 3060 1113 3134 est]

359 3140 395 3201 In
418 3138 479 3201 fine
507 3141 596 3220 dioo,
625 3162 675 3202 me
702 3145 836 3219 nescire,
866 3163 905 3204 en
928 3142 1100 3202 Christiano
1121 3140 1197 3201 tides

274 3225 339 3303 poti
362 3225 481 3303 possit,
513 3225 583 3303 ini)
609 3227 697 3287 terris
725 3225 809 3287 eliud
839 3234 932 3306 eaput
958 3226 1110 3286 ecelesiae
1132 3226 1196 3285 uni-

276 3306 405 3366 versslis
427 3309 537 3386 stetui,
564 3315 686 3387 pro-ster
707 3309 871 3370 Christum.
915 3303 1008 3386 Sunt,
1042 3309 1094 3388 qui
1114 3307 1198 3368 Obri-

276 3398 356 3450 stum
390 3391 421 3450 in
438 3391 602 3452 ecclesium
625 3393 863 3472 triumphantem
885 3393 1041 3471 reiioiunt,
1074 3398 1107 3452 ut
1138 3392 1198 3452 Ro-

276 3492 402 3533 msnnm
431 3473 607 3554 pontifioem
642 3477 798 3537 militantis
831 3476 981 3537 ecelesiae
1009 3482 1103 3556 euput
1126 3494 1198 3536 oon·

276 3559 419 3634 stituunt,
448 3566 557 3619 eontra
577 3578 757 3639 expressum
780 3559 982 3640 Evangelinm
1005 3559 1110 3620 Mutth.
1132 3559 1196 3620 uiti·

278 3660 344 3702 mo:
366 3640 450 3700 Eoos
472 3660 531 3722 ego
554 3642 712 3702 nobiseum
734 3662 802 3702 sum
824 3662 921 3723 usque
943 3642 982 3703 sd
1006 3662 1198 3704 eonsumma-

277 3725 394 3784 tionsm
422 3725 528 3787 seouii.
571 3725 612 3785 Et
644 3726 719 3786 illud
752 3727 859 3790 Aetor.
899 3729 934 3791 9:
970 3725 1062 3789 Saule
1095 3726 1197 3802 Saule,

277 3806 350 3886 quid
380 3827 429 3867 me
451 3809 664 3888 persequeris?
707 3809 779 3870 ideo
804 3812 883 3872 enim
906 3830 1034 3891 regnum
1057 3809 1127 3870 fidei
1150 3827 1197 3868 eo-

312 3999 345 4065 1)
367 3998 397 4050 ru
417 3997 482 4051 eurr.
501 3999 609 4066 priore:
629 3981 781 4067 praeviare.
800 3997 834 4064 2)
850 3998 969 4053 minem:
988 4000 1049 4051 nn
1070 3997 1100 4061 3)
1115 3993 1194 4050 nnn

278 4070 351 4140 qnod
370 4073 399 4123 in
418 4110 425 4124 .
447 4111 452 4124 .
473 4109 480 4125 .
501 4109 507 4121 .
528 4072 665 4125 statuitur.
