3075 4775
356 532 419 602 326
602 535 695 607 Βριοι.
716 536 740 586 ι.
760 550 845 603 anper
862 536 1057 603 Propoeltione

356 742 420 785 non
441 729 646 803 aeceperunt,
684 722 805 786 Christo
833 722 1050 785 inobedientes
1085 722 1216 802 fuerint3
1252 729 1286 783 et

359 805 457 869 itae.
480 806 655 885 Stephanus
683 825 751 867 oum
775 813 821 867 tot
846 806 968 867 milibus
990 813 1158 887 martyrum
1184 808 1284 867 orion

360 888 429 951 talie
451 889 602 951 eeclesiae
629 890 765 949 damnati
801 890 1014 954 censebuntur
1057 889 1099 951 Ut
1131 891 1193 950 omi
1195 896 1284 964 ttam

358 970 457 1052 quod
479 974 505 1032 ei
528 972 730 1051 perverbum
754 972 866 1035 Christi
888 980 1027 1053 potestne
1048 974 1212 1035 Romanae
1235 990 1285 1032 ea

359 1056 475 1117 oleeiee
495 1056 734 1137 intelligeretur,
756 1064 790 1115 ut
811 1046 860 1115 hio
881 1053 960 1130 vult,
935 1063 1016 1117 tet
1029 1056 1181 1118 Christus
1176 1074 1285 1135 anper

358 1139 441 1199 bauo
462 1146 581 1218 petram
595 1139 759 1199 eooieeiam
778 1158 864 1199 eoam
888 1158 922 1199 ee
934 1138 1098 1199 aedificare
1112 1139 1284 1218 promittat,

359 1224 504 1301 sequitur,
526 1221 607 1299 quod
624 1221 804 1281 universalis
823 1222 955 1281 eooleeia
978 1242 1041 1283 non
1064 1239 1156 1301 supet
1177 1220 1284 1298 fidem,

360 1305 417 1365 eod
438 1324 531 1383 anper
552 1310 737 1384 potestatem
760 1304 922 1369 Romanae
945 1306 1097 1367 ecelesiae
1118 1303 1285 1365 aedificata

358 1395 414 1450 eet
457 1386 556 1467 Super
578 1406 668 1465 quam
692 1394 765 1449 tuno
782 1388 852 1467 ipae
865 1386 1191 1449 Romaua³aedifioata
1215 1387 1284 1447 euti

358 1490 526 1550 noneuper
547 1479 678 1549 petram,
698 1470 729 1531 id
753 1478 810 1545 eet
832 1490 917 1533 eoam
933 1478 1129 1551 potestatem,
1151 1489 1212 1533 neo
1234 1490 1285 1531 eu-

357 1574 411 1634 per
433 1552 535 1630 fidem,
559 1572 633 1633 ergo
654 1573 747 1633 anper
767 1554 902 1616 nihilum.
946 1554 1021 1629 Quia
1042 1555 1120 1615 ierat
1139 1554 1240 1619 bueo?

445 1635 540 1697 Videe
563 1656 636 1716 ergo
671 1656 762 1714 quam
796 1657 922 1717 possum
950 1638 1083 1699 invehi
1075 1658 1106 1697 ιιι
1129 1638 1206 1699 ietoe
1228 1636 1283 1697 ho·

359 1720 472 1779 minum
495 1738 614 1798 eeneue,
642 1740 668 1779 ιι
660 1720 795 1781 vellem
814 1720 909 1784 libere
922 1740 1023 1801 agere
1067 1720 1157 1781 Nune
1178 1727 1282 1780 antem

320 1804 328 1822 ‘
360 1800 473 1866 eofiiuit
497 1802 570 1864 mihi
600 1802 781 1881 ostendere,
817 1804 899 1883 quod
930 1804 979 1865 hie
1000 1804 1140 1867 Deoretia
1174 1810 1285 1863 oontna

358 1888 464 1947 hoetee
494 1892 526 1945 et
551 1885 585 1945 in
608 1888 809 1947 contentione
843 1887 918 1947 nihii
941 1886 1021 1947 efflei
1048 1892 1173 1983 potent,
1212 1892 1285 1947 eunt

358 1970 439 2029 enim
462 1968 705 2065 lauguidieeima,
725 1968 975 2048 frigidissimae
958 1970 1133 2051 etpenitue
1154 1968 1281 2049 inepte

359 2053 438 2111 eima
458 2052 497 2111 ιιι
521 2052 763 2131 contentionem
787 2059 835 2115 eat
856 2057 914 2131 eet,
936 2052 1018 2131 quod
1031 2053 1202 2114 tolerantur
1223 2072 1281 2134 pro

358 2136 493 2196 fraterna
519 2136 661 2210 ueritate,
698 2154 761 2198 nou
793 2137 885 2197 etiem
908 2135 1076 2197 adorentur
1098 2154 1154 2215 pro
1178 2116 1281 2195 solida

362 2221 563 2298 atgermana
584 2181 723 2279 veriiate.
734 2218 760 2292 ¹)

443 2299 504 2360 Sed
526 2319 585 2361 neo
606 2301 667 2362 hoo
687 2300 920 2363 ferendumt
872 2308 920 2361 eet
926 2347 934 2378 ‚
957 2301 1039 2381 qnod
1062 2302 1168 2361 infert·
1141 2307 1168 2361 t.
1192 2301 1282 2361 iuius

360 2382 502 2444 omnibus
537 2391 651 2463 quanto
679 2382 793 2465 gradus
817 2383 945 2462 aelmon,
980 2392 1066 2446 tanto
1103 2385 1202 2447 maior
1231 2404 1283 2444 au-

360 2468 468 2528 toritas
488 2467 653 2529 invenitur
676 2469 709 2528 ln
731 2468 898 2530 maioribus
920 2469 1070 2548 siqnidem
1084 2475 1132 2530 eat
1153 2467 1281 2548 regendi

357 2550 543 2630 iubendique
564 2558 718 2638 potestas,
753 2553 785 2612 in
819 2551 988 2620 minoribus
1016 2551 1208 2652 obsequendi
1231 2569 1283 2611 ne·

359 2635 499 2694 oeeeitae

443 2715 532 2796 Vide,
554 2722 587 2777 ut
612 2716 828 2779 necessitatem
842 2716 983 2778 omnibus
1007 2717 1149 2799 imponit,
1173 2722 1204 2776 et
1226 2715 1305 2777 eibi·

358 2800 417 2862 ooli
441 2806 567 2873 (eontra
606 2799 740 2859 caritatis
764 2797 916 2873 officium)
942 2799 1114 2860 libertatem
1147 2805 1283 2880 arrogat,

359 2883 413 2945 sed
444 2883 576 2964 pessima
608 2884 841 2960 consequentia.
883 2883 954 2944 Non
977 2885 1058 2944 enirn
1087 2901 1168 2944 mox
1184 2884 1283 2944 maior
1373 2875 1382 2886 ”

359 2967 506 3027 autoritas
529 2972 577 3026 eet
583 3012 591 3042 ,
565 2964 666 3025 tubi
688 2964 801 3045 gradus
826 2965 1006 3026 oeleiort
959 2973 1014 3026 eet.
1058 2967 1166 3028 Petrus
1199 2967 1280 3024 enim

358 3051 473 3130 primue
495 3047 706 3129 apostolorum
729 3048 801 3124 fnit,
824 3048 879 3109 eed
901 3049 1016 3110 nuliam
1038 3051 1069 3108 in
1092 3067 1148 3109 eoe
1170 3049 1282 3110 autori·

360 3141 453 3194 tatem
483 3132 591 3194 habuit
611 3150 763 3210 unquam,
792 3133 855 3191 imo
879 3139 987 3192 eontra
1014 3131 1149 3212 apostoli
1173 3133 1204 3190 in
1228 3131 1284 3192 Pe·
1381 3121 1382 3168 ¹

360 3223 438 3275 trum
473 3215 646 3276 habuerunt
677 3215 894 3292 autoritatem,
929 3220 961 3276 ut
982 3215 1052 3278 Aet.
1076 3215 1104 3278 8.
1129 3213 1282 3286 sont-itur,
1381 3209 1382 3270 Ϊ

359 3297 442 3378 quod
473 3298 608 3378 apostoli
630 3297 779 3358 miserunt
802 3298 924 3358 Petrum
948 3305 979 3358 et
1000 3298 1193 3375 iohannem,
1231 3299 1282 3376 qui

301 3440 302 3445 ,
360 3389 432 3442 tune
452 3383 601 3461 primores
624 3387 712 3440 erent
735 3381 815 3441 inter
834 3382 1005 3460 apostolos,
1028 3387 1173 3442 ettamen
1198 3381 1282 3440 mieei

359 3471 432 3608 ἓιιιι
454 3464 493 3526 ιιι
516 3464 678 3544 apostolis,
701 3470 846 3542 tanquam
871 3465 1046 3542 maioribus,
1068 3462 1110 3526 ad
1124 3463 1284 3528 Samariae

381 3547 477 3608 deles

442 3629 567 3691 Labitur
596 3649 670 3710 ergo
692 3629 836 3710 Pelagine
863 3629 923 3690 hoo
952 3629 1025 3692 looo
1057 3631 1131 3692 satie
1163 3637 1282 3711 aperte,

361 3732 545 3795 quamquam
568 3732 627 3793 ego
651 3712 754 3790 eredo,
777 3711 836 3774 hoe
858 3718 888 3773 et
910 3713 1025 3774 similes
1049 3731 1185 3777 canones
1209 3713 1283 3775 nihil

360 3803 482 3878 praeter
494 3815 606 3856 nomen
626 3794 665 3855 de
685 3795 836 3856 Romanis
851 3793 1047 3876 pontifioibus
1065 3796 1190 3874 habene
1214 3815 1283 3858 eeee
1381 3785 1382 3814 ³

359 3888 462 3941 autem
485 3880 674 3956 compositos
626 3877 735 3938 tab
757 3897 863 3938 eorum
887 3877 1131 3940 Offioialibueet
1118 3878 1278 3955 tSoribie,
1381 3933 1382 3942 ,

358 3965 391 4023 in
411 3961 571 4040 theologia
591 3978 699 4038 parum
720 3960 830 4025 doctis.
873 3962 952 4024 ideo
962 3962 1039 4022 nihii
1053 3963 1279 4043 evangelicum,
1381 3947 1382 3990 ³

397 4066 428 4130 ιι
397 4065 479 4117 iio
498 4063 542 4117 ed.
560 4061 637 4116 den:
657 4065 780 4116 caritate.
