3075 4775
481 548 968 619 manutenementum.
999 560 1013 569 ’
1125 534 1188 615 mo

269 751 348 798 vooe
383 738 506 815 testoni,
538 743 572 796 se
594 736 745 817 quosdam
765 734 951 815 damnasse,
979 744 1037 797 neo
1059 736 1188 798 baereti-

160 820 161 857 l
268 837 333 899 eos,
354 838 413 880 noo
435 834 603 899 erroneos,
624 839 664 880 aa·
682 834 738 899 per
759 819 825 879 hoe
841 820 1024 894 aetholieos,
1043 820 1188 881 Obsistla-
1240 822 1246 835 '

160 922 161 981 j
267 922 326 964 nos
351 908 384 964 et
410 916 511 964 veros.
549 903 629 963 liam
659 906 686 963 si
722 903 874 963 dixissent
900 904 966 963 sine
993 902 1188 985 diseretione,

268 1004 379 1047 omues
402 1004 473 1047 esse
494 994 525 1046 et
545 986 717 1047 haereticos
740 986 834 1046 simul
848 992 881 1045 et
896 999 1063 1061 erroneos,
1097 988 1187 1047 simul

267 1071 473 1147 meranda,
505 1070 594 1129 sintnl
617 1068 802 1147 offensivos,
840 1078 903 1129 uon
925 1076 1045 1148 pateret
1066 1072 1187 1133 venati

267 1154 358 1213 loeus
381 1160 434 1213 aut
457 1153 541 1233 iuga
564 1152 659 1212 Nune
672 1154 732 1232 ipsi
755 1151 933 1212 discernunt
954 1153 1125 1212 haenetieos'
1147 1152 1186 1213 ab

266 1237 417 1314 erroneis,
440 1242 471 1295 et
492 1234 535 1296 ab
552 1237 688 1315 utrisque
709 1236 888 1296 temerarios
911 1240 943 1295 et
963 1234 1139 1297 seditiosos.

353 1320 463 1379 Dicam
484 1336 568 1398 ergo,
580 1318 663 1397 qnid
686 1336 703 1377 a
727 1334 786 1395 me,
807 1320 833 1377 sl
855 1326 973 1378 temere
994 1318 1187 1379 etoliensive

268 1403 390 1481 quar,
414 1402 507 1463 modo
530 1416 603 1463 vere
621 1406 654 1461 et
675 1402 829 1461 eatboiiee
850 1401 978 1480 loquar?
998 1402 1067 1461 'l'no
1088 1407 1121 1461 te
1141 1416 1187 1461 ιιι-

267 1502 334 1565 geo
352 1486 468 1565 gladio,
490 1485 567 1545 alios
589 1486 760 1545 haereticos
783 1484 869 1568 dieis,
892 1493 925 1544 ut
945 1496 1026 1563 qnos
1041 1486 1073 1543 in
1094 1483 1187 1544 fidem

267 1578 422 1647 peccasse
443 1576 557 1628 eertum
580 1569 640 1647 sit,
662 1568 741 1629 alios
763 1560 949 1644 erroneos,
966 1570 1060 1645 lbrte,
1082 1568 1136 1646 qut
1154 1569 1186 1627 ln

269 1668 375 1711 mores
397 1661 429 1712 et
449 1658 563 1711 statuta
579 1614 736 1711 hdlilinnm
750 1658 890 1730 pendent.
911 1613 980 1709 iaus
1004 1652 1043 1710 de
1063 1651 1188 1729 reliquis

268 1734 501 1815 triumphamus,
524 1750 580 1794 eos
600 1751 701 1812 neque
721 1736 753 1793 iu
775 1732 877 1812 iidem,
900 1749 1000 1813 neque
1021 1736 1056 1793 in
1075 1738 1188 1795 statuta
1256 1741 1262 1756 '

164 1880 168 1897 Ι
269 1832 390 1878 morum
412 1824 606 1897 neocoraet
607 1818 633 1877 si
594 1818 767 1877 tl'ontet
755 1780 877 1876 tenenti
900 1816 1051 1878 andonius
1080 1820 1188 1877 verito-

270 1902 307 1960 tis
338 1902 535 1981 impatientes
565 1900 738 1960 mordauius
761 1898 941 1977 offendant,
971 1898 1082 1959 suffieit
1104 1900 1187 1979 quod

160 1994 162 1997 '
268 1984 332 2043 sint
350 1982 459 2044 fideles
482 1991 514 2044 ei
534 1986 607 2044 veri,
652 1983 783 2062 semer
800 1984 845 2043 iba
865 1982 940 2061 fuit,
970 1983 1051 2061 quod
1074 1985 1187 2043 veritas

268 2074 353 2126 esset
375 2068 545 2145 temeraria,
570 2066 707 2145 mordax,
730 2066 887 2143 seditiosa,
910 2074 942 2125 et
962 2065 1125 2126 offensivai
1144 2067 1193 2141 lta,

268 2168 328 2231 ego
358 2150 454 2211 eredo
488 2151 569 2209 hnn'u
595 2166 692 2209 noum
724 2168 794 2209 esse
823 2148 1059 2229 ostensivurum,
1099 2150 1187 2213 liunt.

248 2232 447 2317 ,pontificem
470 2250 532 2293 non
555 2250 624 2293 esse
645 2234 710 2292 iure
742 2232 848 2293 divino
872 2233 1032 2293 dominnm
1051 2234 1187 2293 omnium

267 2319 297 2375 ln
322 2321 486 2396 potestate.
509 2316 590 2398 Quid
611 2317 692 2377 enim
715 2318 849 2376 atrocius
872 2314 1021 2376 offendit?
1042 2315 1188 2397 quidms-

268 2403 315 2480 gis
338 2409 454 2461 temere
476 2399 535 2460 diui
557 2401 649 2461 bodie
672 2408 703 2460 et
725 2419 744 2458 a
766 2401 867 2459 multis
889 2403 977 2460 annis
999 2401 1123 2481 potnit?
1143 2402 1188 2461 lta

171 2543 176 2562 ‚
269 2483 374 2544 atille
395 2485 426 2544 in
449 2485 571 2543 auribus
584 2484 809 2542 'Pbumisturnm
833 2483 1000 2543 offensivus
1016 2493 1074 2562 est,
1095 2495 1186 2563 quem

268 2565 410 2648 Gregorii
435 2569 635 2631 Ariminensis
658 2585 746 2643 esse,
777 2568 841 2626 imo
864 2566 949 2626 Pauli
972 2575 1003 2626 et
1025 2569 1188 2647 Augustlnl

160 2685 161 2728 ,
268 2667 361 2730 snpra
383 2651 546 2710 essedixi:
569 2650 699 2710 Onnnem
718 2649 949 2729 scilieet-aetum
970 2649 1104 2710 bominis
1120 2669 1189 2710 esse

268 2741 320 2792 aut
341 2734 456 2793 bonnm
479 2734 675 2794 animalum.
1088 2755 1098 2770 ι

351 2817 419 2896 Ego
444 2817 565 2896 quidem
587 2817 734 2896 rogabant
757 2816 831 2876 mibi
855 2814 979 2892 donari,
1017 2832 1057 2874 ne
1079 2832 1187 2876 omnes

268 2899 386 2960 articuli
409 2920 429 2959 a
447 2901 582 2960 oonoillo
605 2901 739 2960 damuati
767 2897 954 2975 dicerentur,
987 2899 1043 2958 sed
1073 2899 1113 2958 ab
1134 2898 1206 2957 all--

268 3001 328 3061 quo
356 2982 518 3043 Thomista
545 2983 695 3062 quosdam
726 2982 1001 3042 Christianissimos
1041 2983 1186 3059 intr'usns,

268 3075 300 3126 ut
335 3072 384 3126 est
409 3068 483 3135 iste:
517 3067 627 3126 Omnis
661 3075 747 3126 aolus
780 3067 912 3125 bominis
944 3072 1066 3125 estest
1088 3064 1187 3125 bonus

268 3157 320 3210 aut
342 3150 460 3228 malus,
474 3151 662 3210 sieutomnis
684 3149 776 3210 arbor
796 3157 850 3209 aut
871 3155 919 3208 est
940 3148 1186 3226 bonaautmal‘a,

267 3235 353 3292 iuxta
375 3234 584 3314 evangelium:
621 3231 675 3292 sed
711 3234 818 3293 noluit
855 3233 966 3292 Verum
990 3232 1104 3310 quida
1126 3248 1185 3326 me,

268 3316 350 3394 qnod
362 3315 546 3376 Themistou
565 3315 762 3376 offenduntur
783 3315 932 3376 veritate?
955 3313 1081 3392 Sullieit,
1103 3278 1186 3394 qdod

268 3401 307 3459 sit
327 3417 430 3480 neque
460 3399 646 3488 haereticus,
684 3415 783 3496 neque
810 3415 967 3460 enoueus.
1009 3399 1072 3458 Aut
1093 3401 1188 3459 alost

268 3481 440 3543 baarelious
468 3489 499 3542 et
527 3479 654 3543 damnat
641 3490 726 3562 bus,
749 3484 809 3542 iam
839 3482 911 3561 quid
943 3479 1076 3541 liutius
1084 3482 1186 3559 laoiel,

268 3568 317 3644 qni
342 3574 451 3628 uonna
471 3566 625 3626 laudabile
654 3565 728 3626 illud
762 3567 925 3626 uonoilium
949 3565 1186 3625 constantiense

268 3667 323 3727 pro
346 3649 491 3712 laudabili
519 3650 629 3710 eodem
658 3649 792 3710 oonsilio
822 3650 996 3729 disputans,
1034 3650 1188 3709 concessit

268 3732 495 3810 Oanolostadio,
516 3735 616 3814 ipsum
640 3753 708 3794 esse
730 3753 835 3793 verum
858 3740 890 3792 et
910 3731 1106 3809 oatbolieum,
1128 3749 1186 3792 nae

250 3817 471 3878 ¹sobolastioos
492 3816 637 3884 doatones
659 3818 748 3877 aliter
769 3817 924 3897 sapuisse,
945 3822 979 3874 nt
991 3815 1062 3875 dixi
1085 3834 1185 3894 supra.

268 3899 294 3958 Ο
317 3900 502 3959 horrendum
522 3902 650 3977 faoinns,
672 3899 753 3978 quod
768 3900 862 3960 Flauio
886 3898 1036 3959 ecelesiae
1058 3905 1185 3956 sanotae

268 3991 399 4062 patrono
431 3985 470 4043 sit
498 3983 705 4059 intolerabile,
740 3981 822 4060 quod
845 3983 1031 4042 Boemorum
1061 3987 1093 4038 et
1114 3980 1185 4038 hae-

267 4069 431 4126 retieorum
448 4066 509 4146 (nt'
520 4067 585 4124 eius
598 4065 699 4125 verbis
713 4063 838 4143 ionem)
853 4063 1002 4142 patronus
1021 4081 1091 4124 oum
1112 4080 1184 4134 uon·
