3075 4775
371 535 437 614 360
583 548 675 604 Restm
696 538 726 605 i't
745 556 837 618 super
850 548 1041 618 Proposttions

361 734 440 796 ates
472 736 630 817 msdogui
656 735 867 818 evangelium,
906 747 970 816 per⁴
997 736 1122 798 verbam
1155 736 1292 801 it'ominis

361 818 430 879 tolli
452 818 669 896 verbum-Dei,
690 828 723 880 et
743 822 805 880 hoe
826 826 997 881 monstrum
1020 819 1185 882 adoremus
1203 820 1289 883 Chri-
1389 814 1390 881 3

365 902 457 963 suani
490 904 523 963 in
554 904 689 965 eoeiesis
718 903 831 963 Christi
864 922 922 985 pm
955 902 1055 965 serbo·
1084 904 1152 967 Dei.
1202 904 1290 984 Quis,

362 1004 489 1065 quaeso,
511 1006 574 1046 noo
597 987 723 1047 uratur?

372 1101 377 1111 ·
448 1068 648 1144 Quis-autem
671 1071 714 1134 its
735 1071 885 1133 insaniret
904 1071 992 1149 elias,
1015 1078 1049 1131 ut
1063 1070 1289 1133 Petrumshano

363 1152 587 1216 subiectionem
611 1152 740 1216 subditis
762 1155 949 1233 imposuisse
972 1173 1029 1217 sus
1045 1156 1211 1221 autoritate
1225 1174 1289 1217 ore-

239 1232 244 1239 “
363 1235 467 1315 deret,
500 1256 562 1315 quo
581 1258 619 1309 sa
641 1239 709 1319 ipse
728 1236 770 1304 ab
792 1236 901 1299 eodem
925 1244 1092 1317 praesepto
1114 1228 1288 1301 eximeret?

363 1319 432 1380 Hoe
450 1321 477 1379 si
499 1321 580 1398 feeit,
603 1320 686 1381 aliud
707 1320 813 1380 docuit
836 1318 946 1399 verbo,
977 1328 1009 1381 et
1029 1319 1287 1391 eiiudmopstrs·

364 1404 408 1466 vit
430 1404 573 1485 exemplo
585 1449 599 1481 „
627 1404 688 1465 hoo
710 1412 774 1483 est,
797 1404 947 1465 destruxit
962 1422 1047 1485 ‘quae
1078 1404 1194 1467 docuit.
1237 1404 1285 1463 Au

362 1492 487 1565 oportet
515 1486 653 1548 subditos
684 1486 765 1549 Petri
796 1495 826 1547 et
852 1488 1081 1561 suscessoris1)
1113 1507 1186 1549 esse
1218 1486 1287 1547 sub·

361 1569 462 1629 ieotos
486 1566 632 1648 Caesari,
653 1570 738 1650 ipsos
760 1589 834 1630 vero
858 1570 1013 1631 contrario
1036 1570 1181 1653 exemplo
1204 1568 1286 1631 idem

362 1651 480 1713 eisdem
503 1652 706 1714 dissuadere?
747 1653 797 1715 An
832 1674 894 1715 uon
922 1654 1029 1715 Petrus
1057 1654 1112 1717 fuit
1146 1653 1285 1714 subditus

359 1736 586 1815 potestatibus,
609 1738 689 1811 siout
710 1736 837 1800 docuit?
879 1736 949 1797 Non
978 1738 1036 1798 fuit
1056 1736 1194 1799 Christus
1229 1736 1284 1799 sub

305 1829 308 1833 “
361 1817 522 1879 Cessare?
564 1817 676 1880 Nonne
699 1840 808 1881 omues
841 1820 977 1901 apostoli
1012 1828 1043 1883 et
1065 1819 1193 1881 Sancti?
1237 1822 1285 1881 Au

360 1902 503 1966 Romano
534 1900 673 1985 pontifici
706 1923 769 1965 non
798 1902 871 1965 lieet
888 1906 1050 1983 provocari
1080 1901 1120 1965 ad
1143 1904 1284 1965 meritum

360 1984 566 2048 humilitatis?
608 1986 686 2047 Huio
706 1986 766 2049 soli
795 1986 867 2053 lieet
889 1986 964 2069 erigi
985 1988 1017 2047 in
1040 1994 1202 2068 peecatum
1236 2008 1285 2047 su·

358 2067 506 2148 peritiae?
548 2068 656 2150 Itaque
677 2069 760 2131 eliud
783 2071 845 2131 iam
878 2068 1041 2150 pontifices
1072 2078 1158 2147 suut,
1190 2085 1284 2149 quam

246 2174 251 2192 =
362 2148 536 2230 Christiani,
559 2155 705 2232 quoniam
726 2154 780 2214 lex
802 2150 1045 2217 Christianorum
1069 2172 1218 2215 aos'non
1250 2152 1284 2213 ii-

361 2242 424 2315 gat.
469 2230 540 2296 Alio
564 2244 639 2297 eunt
659 2237 734 2319 ipsi,
757 2236 819 2298 alio
843 2256 948 2299 sorum
971 2236 1100 2319 subditi,
1135 2236 1197 2297 alio
1231 2257 1283 2319 pa-

360 2322 477 2396 stores,
511 2318 573 2379 alio
598 2339 689 2395 oves,
723 2316 785 2381 alio
809 2320 919 2401 dures,
948 2323 1008 2385 aiio
1038 2340 1166 2404 greges,
1201 2338 1284 2381 nova

361 2405 445 2467 eerte
467 2403 588 2464 ratione
612 2403 755 2483 ducendi,
777 2403 935 2486 pssoendi,
957 2405 1096 2488 regendi.
1128 2405 1199 2468 Non
1221 2406 1283 2464 iam

359 2482 472 2563 dissat,
496 2487 609 2568 venite,
632 2487 703 2566 sed,
724 2489 784 2567 ite,
806 2503 870 2550 nou
892 2490 1095 2570 praecedent,
1130 2487 1186 2550 sed
1218 2495 1282 2548 tan·

359 2569 522 2630 turismodo
546 2570 700 2633 dimittant
721 2571 871 2653 populum
892 2572 922 2632 in
945 2571 1097 2634 mendatis
1120 2571 1188 2632 Dei.

381 2725 404 2735 μ
441 2651 533 2728 Quod
554 2655 580 2714 si
601 2657 633 2717 in
654 2655 716 2716 hoe
737 2656 809 2716 loeo
836 2656 895 2716 ista
916 2658 1067 2738 sapientia
1096 2655 1195 2728 valet,
1210 2717 1216 2722 ,
1231 2674 1282 2714 va·

326 2772 329 2776 <
357 2735 433 2796 lebit
454 2747 485 2797 et
505 2737 537 2797 in
572 2740 656 2800 omni
686 2739 748 2800 alio
778 2746 945 2819 praesepto
975 2741 1073 2818 Petri,
1106 2735 1156 2799 ubi
1189 2737 1283 2800 doeet

358 2818 451 2900 fldem
486 2819 612 2901 Christi,
645 2818 905 2902 evacuabiturque
951 2823 1094 2887 universe
1131 2823 1282 2882 autoritas

357 2903 449 2981 Petri,
471 2904 543 2984 quia
563 2905 676 2986 ubique
693 2906 824 2967 dicetur:
848 2903 918 2966 Hoo
931 2905 1059 2970 subditis
1074 2906 1282 2986 praecepisse,

359 3006 424 3047 non
447 2985 504 3048 sibi
526 3008 584 3049 neo
606 2989 845 3070 suecessoribus,
869 2989 1116 3070 quandoquidem
1135 3007 1200 3050 nou
1221 2987 1282 3066 nisi

358 3068 486 3131 subditis
499 3071 584 3151 loqui
592 3074 700 3154 potuit.
723 3073 867 3133 Dicamus
876 3093 950 3156 ergo
964 3081 995 3136 et
1007 3074 1066 3136 hie:
1080 3071 1112 3135 Si
1124 3071 1281 3154 loquentis

357 3173 526 3234 personam
547 3156 748 3236 attendisses,
781 3164 940 3217 eteorum
963 3157 1002 3217 ad
1036 3175 1112 3237 quos
1135 3153 1281 3234 loquitur,

358 3254 421 3296 nou
443 3239 486 3298 ita
507 3241 704 3320 exposuisses
726 3239 916 3300 intellectum
941 3242 1020 3301 eius:
1053 3239 1124 3320 quia
1146 3237 1282 3318 loquitur

358 3319 486 3381 subditis
509 3325 589 3399 suis,
613 3320 644 3384 e't
666 3343 721 3384 eos
743 3321 782 3383 ad
805 3325 944 3384 meritum
968 3323 1056 3402 fidei,
1092 3324 1157 3404 spei
1180 3330 1212 3382 et
1233 3336 1280 3380 oa-

357 3403 453 3462 ritatis
477 3412 642 3484 provocat,
665 3425 698 3466 se
719 3407 819 3550 ipsum
848 3415 879 3468 et
900 3426 967 3470 nos·
988 3413 1150 3548 exemptos
1172 3401 1281 3465 voluit.
1353 3421 1357 3438 ·

357 3483 398 3544 Et
419 3497 517 3564 reete,
548 3491 593 3549 sio
623 3491 705 3550 enirn
756 3489 827 3551 odie
855 3490 1017 3551 attendunt
1045 3489 1075 3548 di
1088 3487 1280 3570 igentissime

358 3567 489 3629 Romani
512 3569 666 3650 loquentis
689 3574 736 3633 sui
758 3573 839 3632 Petri
864 3593 1042 3654 personam,
1064 3577 1097 3631 ut
1119 3572 1163 3631 eis
1188 3571 1281 3632 lioere

356 3651 432 3712 nihil
454 3669 560 3714 eorum
583 3675 722 3735 servare,
752 3667 833 3735 quae
854 3657 907 3717 iile
930 3658 1049 3718 loeutus
1070 3661 1130 3732 eet,
1165 3655 1280 3715 iutelli-

356 3744 447 3815 gerit,
483 3755 524 3797 ue
546 3735 667 3800 Christo
700 3740 826 3819 quidem
856 3740 1000 3819 eredere,
1034 3735 1280 3804 etiihristiauos

356 3833 429 3879 esse·
447 3835 484 3879 so
507 3821 624 3899 vivere,
646 3829 694 3884 ⁴ut
724 3824 841 3884 reieoto
871 3824 967 3884 verbo
1000 3818 1280 3884 chrisdaaoPetri

394 4083 398 4099 '
429 4074 461 4154 ¹)'
471 4085 503 4140 in
521 4084 563 4141 ed.
583 4083 640 4138 Jen.
661 4091 689 4138 et
704 4075 795 4141 wita:
816 4091 842 4141 et
858 4085 918 4142 ison
938 4103 1122 4145 suscessores.
