3075 4775
547 565 584 620 ad
601 567 662 621 loir.
681 566 939 638 Oeeohmpsdium.
1142 567 1205 632 483

282 760 320 814 ut
346 754 577 815 eonsentiamns
606 756 638 814 in
669 761 777 816 nnana
804 773 873 814 esse
894 759 1066 834 potestate,
1099 757 1220 836 inquit·

282 835 318 896 ld
333 833 570 898 Carolustadius
592 840 784 918 oppugnavit
804 839 924 916 aliquot
943 838 1107 920 Augustini
1130 841 1206 900 loeis

282 927 316 980 et
341 920 403 981 boo
424 921 511 981 Pauli
526 926 561 995 *)
595 921 779 982 fortissime:
813 921 896 980 Deus
929 920 1023 982 effieit
1050 924 1081 982 in
1114 923 1205 984 nobis

283 1004 364 1064 velle
385 1011 417 1064 et
437 1003 595 1084 periinere.
639 1006 741 1084 Atque
763 1004 859 1081 liaeo,
891 1005 923 1063 ni
946 1005 1052 1083 fallor,
1085 1013 1206 1066 senten-

282 1088 327 1147 tia
353 1087 441 1146 salva
461 1087 677 1149 carolostadio
705 1089 827 1149 mansit.
870 1085 1028 1162 Quaedam
1052 1107 1109 1168 pro
1132 1088 1207 1169 dog·

281 1177 367 1229 mute
404 1189 461 1230 suo
489 1191 530 1231 ex
556 1171 714 1231 Bernardo
751 1171 986 1250 transcripserat
1018 1169 1129 1231 Ennius
1166 1171 1205 1231 ad

281 1270 348 1313 rem
368 1272 475 1333 parum
497 1255 670 1315 attinentia.
713 1254 816 1332 Atque
837 1252 915 1313 haee
936 1255 1002 1315 iere
1023 1261 1103 1330 suut,
1125 1273 1205 1334 quae

282 1354 352 1395 aum
375 1335 592 1396 (ierolostadio
614 1337 736 1397 Eoeius.
779 1337 933 1416 iutegram
969 1337 1062 1397 eredo
1090 1325 1205 1397 he'bdo-

282 1418 405 1478 madam
425 1419 615 1499 perdidimus
637 1423 668 1481 in
691 1420 749 1497 his,
772 1437 902 1498 quorum
917 1422 1019 1500 oapita
1036 1420 1206 1502 συντόμως

282 1503 399 1562 notavi.

364 1585 420 1644 His
448 1585 607 1645 autoribus
643 1586 774 1664 primum
804 1584 911 1662 didioi,
948 1585 1019 1664 quid
1054 1587 1095 1645 sit
1122 1586 1204 1664 quod

281 1674 402 1728 veteres
424 1667 642 1750 σοφιστεύειν
665 1667 816 1728 dixerunt.
855 1669 963 1728 Mirum
995 1668 1074 1728 haee
1102 1670 1206 1728 omnia

281 1769 344 1830 quo
366 1751 511 1828 tumultu,
543 1769 634 1830 quarn
663 1752 781 1831 tragioe
803 1757 934 1810 tractata
955 1753 1032 1828 sint,
1068 1769 1129 1830 quo
1153 1754 1204 1810 mi-

281 1853 340 1894 nus
361 1835 469 1893 mirum
493 1841 555 1911 est,
582 1853 690 1914 parum
714 1834 885 1912 proiectum
916 1853 995 1895 esse.
1039 1833 1101 1895 Sua
1123 1836 1204 1893 euim

282 1917 405 1977 silentia
439 1924 523 1976 amat
551 1916 700 1998 Spiritus,
738 1936 794 1996 per
825 1935 905 1995 quae
939 1917 1027 1977 uobis
1061 1915 1204 1995 illabitur,

281 2017 377 2080 seque
397 2001 533 2060 insinuat
553 2000 681 2080 rupidus
704 2019 767 2060 non
790 2000 919 2079 gloriae,
941 1999 996 2060 ssd
1013 2017 1204 2080 eognoscen-

281 2083 342 2143 dae
369 2085 515 2145 veritatis.
565 2083 636 2143 Non
670 2086 790 2163 prostat
821 2083 851 2141 in
888 2083 1056 2162 porticibus
1089 2101 1205 2163 sponsa

280 2166 337 2227 illa
367 2165 481 2226 dileota
510 2165 647 2244 Christo,
681 2165 735 2226 sed
769 2167 800 2225 in
835 2165 959 2226 domum
995 2167 1098 2226 matris
1128 2185 1204 2226 suae

277 2267 424 2328 sponsum
447 2249 629 2326 introducit,
666 2250 729 2309 imo
753 2267 854 2328 neque
876 2248 929 2308 ulli
952 2269 1009 2310 nos
1033 2251 1203 2328 sapientiae

278 2333 424 2394 eoelestis
445 2331 522 2393 radii
542 2332 712 2411 illustrent,
743 2334 803 2393 nisi
831 2335 892 2393 iam
924 2339 996 2394 ante
1024 2349 1115 2396 oruoo
1138 2351 1203 2414 per-

278 2424 426 2498 purgatos
449 2423 649 2496 mortuosque
669 2417 806 2496 pristinis
829 2415 933 2475 muudi
956 2417 1139 2493 elementis,
1173 2424 1206 2477 ut

279 2518 349 2561 oum
372 2500 468 2559 Paulo
491 2499 603 2562 dinam.

361 2583 425 2644 Sub
451 2583 530 2643 haeo
557 2589 589 2643 et
609 2584 647 2643 D.
669 2583 816 2641 blarlinus
838 2580 986 2640 Lutherus
1014 2583 1046 2640 in
1076 2600 1202 2643 arenam

280 2666 450 2743 deseendit,
471 2685 542 2726 narn
565 2667 714 2726 haetenus
730 2684 792 2725 non
816 2665 889 2723 satis
905 2672 1021 2723 eertum
1044 2670 1109 2729 erat
1131 2682 1199 2727 ooo·

279 2749 381 2831 gredi,
404 2752 495 2810 ‘oum
535 2768 648 2809 oausae
685 2748 856 2808 invidiosae
887 2746 1004 2806 iudioea
1040 2746 1203 2827 designare

278 2832 443 2893 commode
465 2851 527 2892 non
549 2840 672 2912 posset,
703 2850 759 2911 pro
782 2832 846 2891 iure
869 2828 1096 2910 Appellationis
1119 2848 1202 2892 suaa.

279 2915 397 2976 Tamen
428 2933 496 2976 oum
531 2915 570 2975 de
596 2934 635 2976 eo
663 2915 875 2991 convenisset,
906 2914 957 2993 agi
984 2919 1127 2993 oosptum
1157 2919 1225 2973 est'

280 2998 319 3059 de
346 2999 479 3059 Romani
508 2997 665 3059 Pontiiiois
696 2999 875 3073 autoritate,
909 3003 1202 3075 oontroversumque

279 3088 336 3159 est,
359 3100 398 3141 an
419 3084 485 3142 iure
506 3082 610 3142 divino
633 3081 757 3162 probari
790 3087 897 3160 posset
918 3082 1109 3141 oeoumenioi
1124 3080 1202 3140 Pon-

280 3163 369 3225 tiiiois
391 3165 561 3225 autoritas?
594 3164 672 3224 Esse
694 3164 927 3224 oeramenioum
950 3162 1129 3223 Pontiiioem
1160 3162 1203 3221 in-

278 3267 382 3328 genuo
411 3249 523 3309 fatetur
543 3248 701 3310 Lutherus.
747 3248 780 3307 ln
804 3247 864 3308 hoo
886 3245 1040 3326 disputat,
1076 3262 1115 3305 en
1138 3246 1203 3305 iure

280 3330 386 3392 divino
408 3331 533 3412 probari
547 3334 612 3391 eius
635 3332 784 3391 autoritas
806 3330 914 3411 possit.
947 3328 978 3388 ln
997 3327 1078 3389 huno
1099 3327 1202 3389 loouru

279 3414 529 3495 quandoquidem
551 3416 643 3495 paulo
667 3416 808 3495 asperior
829 3420 892 3490 est,
916 3412 981 3471 dies
1004 3412 1148 3493 quinque,
1172 3413 1202 3473 ni

279 3497 385 3580 lailot,
423 3499 555 3574 impensi
595 3505 674 3558 sunt.
723 3497 767 3557 lbi
804 3495 899 3556 mults
934 3494 1045 3555 anarbo
1080 3492 1200 3573 Eooius,

279 3582 375 3641 multa
396 3582 575 3660 ineiviliter,
591 3581 731 3642 breviter
752 3580 858 3640 omnia
881 3576 1049 3659 eiusmodi,
1074 3584 1108 3639 ut
1127 3578 1201 3638 invi·

279 3664 361 3723 diam
385 3664 467 3746 apud
490 3665 599 3745 vulgus
621 3663 754 3723 Luthero
779 3659 937 3723 conflaret.

363 3750 586 3829 Argumentum
622 3748 751 3826 primurn
790 3754 855 3806 erat
896 3742 995 3823 blooii,
1040 3742 1200 3805 ooolesiaur

278 3827 453 3914 ἀκέφαλον
475 3848 629 3891 essenon
656 3848 763 3909 posse,
803 3846 871 3889 oum
907 3826 999 3887 oivils
1021 3842 1132 3905 oorpus
1154 3824 1202 3886 sit.

510 3988 702 3995 ‚mm-0...

352 4090 382 4160 *)
403 4090 501 4160 Phrhp.
520 4090 545 4146 2.
967 4152 1032 4219 w
