3075 4775
344 560 409 628 260
580 558 676 617 Reaoi.
697 558 725 619 L.
745 499 829 633 rupa
848 538 1035 633 Proponition.

346 751 403 811 Dei
435 756 466 810 et
487 749 549 831 legi
581 750 700 832 peccati
723 748 838 811 servit?
859 748 970 811 Adhuc
990 768 1087 833 negas
1107 756 1271 831 peccatum

349 854 432 912 esee,
455 836 569 894 servire
591 834 652 915 legi
667 833 809 914 peccati?
829 832 947 895 Eadem
967 834 1069 895 fronte
1090 853 1197 914 negea,
1219 832 1273 893 bo-

348 936 420 977 num
432 934 501 977 ecee
515 918 628 979 servire
638 916 698 998 legi
710 916 775 977 Dei.
797 914 856 977 Eat
868 933 945 999 ergo
960 935 1053 979 omne
1062 936 1141 999 opus
1155 916 1272 978 bonnm

350 1002 498 1062 vitiosum
521 1000 731 1080 cuiuscunque
753 998 886 1060 hominia
907 1001 1019 1061 inhac
1038 1002 1117 1080 vito,
1145 1007 1275 1081 propter

348 1085 531 1145 servitutem
553 1086 691 1166 peccati,
726 1102 787 1164 que
807 1090 930 1144 tenetur
952 1086 1092 1167 captivus
1113 1083 1144 1143 iu
1168 1102 1273 1160 carne,

349 1174 384 1226 ut
406 1166 469 1247 legi
481 1166 539 1227 Dei
563 1184 685 1247 semper
705 1165 828 1228 debitor
848 1174 880 1233 et
900 1176 1047 1247 peccator
1057 1174 1191 1242 moneat,
1212 1166 1275 1227 hoc
1379 1161 1381 1198 ῑ

258 1310 263 1315 .
348 1268 410 1310 uuo
430 1250 544 1327 calvus,
565 1250 730 1331 quodcum
743 1249 1039 1331 Apostoloclomct:
1056 1248 1274 1310 infelixhornn
1378 1259 1381 1336 ξ

351 1349 424 1413 ego,
448 1335 516 1413 quis
539 1352 589 1393 ura
611 1332 753 1393 liberabit
775 1332 814 1393 de
835 1340 935 1393 morte
956 1321 1094 1415 corporis
1114 1331 1228 1393 huina?

432 1415 587 1491 Quarto¹l
614 1414 876 1476 eadem'eiusdem
889 1416 1041 1476 sententia
1063 1414 1273 1481 cumulator
1379 1427 1381 1431 “

346 1498 427 1558 Caro
451 1500 644 1579 concupiscit
664 1495 962 1579 adversus'apiritum
979 1506 1011 1560 et
1024 1500 1146 1580 spiritua
1164 1498 1273 1560 adver·
1379 1507 1381 1516 ’

347 1602 399 1643 aus
423 1600 562 1660 carnem,
583 1582 662 1642 haec
684 1583 765 1642 enirn
789 1581 845 1642 sibi
858 1582 991 1643 invicem
1003 1582 1215 1661 adversantur,
1239 1588 1274 1643 nt

347 1683 408 1724 non
432 1684 479 1741 eo,
492 1664 685 1745 quoevultin
708 1665 838 1728 faciatis.
861 1665 909 1724 An
931 1668 1023 1727 ctiam
1045 1666 1172 1726 hicnon
1195 1666 1272 1726 actia

344 1756 467 1827 opertus
489 1754 536 1809 eat
550 1742 684 1808 Paulus?
706 1748 936 1829 Concupiscere
956 1747 1104 1811 adversus
1121 1749 1273 1829 spiritum,

346 1838 505 1911 peccatum
528 1837 576 1892 eat
595 1840 626 1891 et
646 1838 754 1892 contra
769 1831 871 1911 legem
880 1832 949 1893 Dei.
971 1830 1013 1892 At
1030 1830 1188 1912 hacelduo
1209 1850 1272 1891 nro

347 1922 431 1992 nent,
440 1914 583 1993 quamdiu
592 1932 664 1975 caro
679 1921 792 1994 manet,
802 1918 846 1975 ita
856 1934 919 1975 non
925 1914 1044 1976 faciunt
1056 1914 1138 1996 quod
1152 1914 1273 1977 volunt.
1379 1921 1381 1926 '

348 1996 465 2058 Volunt
484 1997 585 2078 legem
609 1996 665 2058 Dei
687 2016 826 2077 servare,
853 2016 893 2058 ne
914 2000 1135 2079 concupiscant
1156 1999 1197 2058 ali
1219 1997 1274 2059 uid

347 2088 457 2141 contra
478 2080 579 2161 legem
596 2080 664 2158 Dei,
686 2081 741 2142 sed
763 2101 826 2142 non
841 2081 967 2159 iccium,
989 2082 1190 2162 necimplent
1235 2100 1275 2143 oc

286 2170 288 2177 ’
349 2164 441 2241 velie,
464 2162 536 2224 ideo
557 2171 683 2224 manent
699 2172 891 2245 peccatores,
914 2171 946 2224 et
961 2183 1023 2225 nou
1047 2184 1139 2225 onum
1161 2165 1272 2225 acltern

349 2265 427 2327 opus
451 2246 584 2327 iaciunt,
616 2248 647 2307 in
671 2266 731 2327 quo
754 2246 830 2309 nihil
851 2248 891 2307 ait
912 2246 1023 2327 debiti,
1059 2256 1112 2308 aut
1133 2247 1274 2309 defectus

238 2358 243 2368 v
348 2328 467 2394 olee.

457 2414 487 2474 io
519 2432 593 2475 vero
632 2413 829 2496 obstrepunt,
861 2413 1017 2476 dicentes:
1049 2414 1108 2475 llic
1132 2413 1274 2476 deiectus

351 2498 476 2577 proprie
498 2503 659 2577 peccatum
682 2517 745 2558 nou
769 2506 831 2577 eat,
864 2497 936 2559 ideo
958 2498 1109 2560 tenendus
1131 2507 1179 2559 eet
1198 2517 1273 2559 usna

347 2580 505 2660 loquendi,
529 2587 560 2641 et
582 2579 770 2661 loquendum
790 2589 823 2642 ut
836 2581 933 2642 multi.
960 2582 1164 2662 Respondeo:
1187 2582 1273 2642 Tuus

346 2681 419 2723 usna
442 2671 490 2724 eet
511 2664 719 2743 perniciosus,
752 2665 804 2745 qui
836 2684 856 2724 a
887 2665 1034 2745 loquendi
1056 2674 1112 2725 neu
1133 2668 1273 2746 recessit,

346 2747 452 2826 quiin
474 2748 569 2807 sacris
580 2747 677 2808 literis
699 2754 754 2826 eat,
777 2748 863 2808 cuiue
872 2747 1039 2830 theologos
1062 2755 1187 2830 oportet
1201 2768 1273 2810 ease

346 2830 612 2891 constantissimos
645 2830 872 2892 observatores.
914 2831 1026 2894 Penius
1056 2831 1148 2912 dicit,
1188 2832 1272 2912 quod

345 2913 439 2974 servit
460 2912 523 2994 legi
546 2915 678 2994 peccati,
701 2923 734 2974 et
754 2921 863 2975 contre
884 2915 986 2996 legem
1010 2921 1093 2996 aget.
1136 2915 1181 2975 At
1203 2935 1273 2996 pec
1379 2964 1380 2967 η

346 3003 447 3058 catum
470 2997 568 3077 magia
590 2998 714 3077 proprie
736 2997 798 3057 dici
827 3017 890 3058 non
914 3005 1035 3079 potent,
1071 3017 1163 3096 quam
1188 2998 1273 3078 quod
1379 3004 1380 3021 l

228 3132 231 3146 ‚
346 3087 454 3141 contro
475 3080 575 3162 legem
607 3088 671 3158 eat,
704 3081 818 3162 etlegi
851 3083 975 3163 peccati
1011 3088 1114 3145 servit.
1158 3081 1273 3143 Valent
1379 3122 1380 3125 =

346 3181 420 3244 ergo
443 3171 512 3224 tuus
534 3162 681 3241 loquendi
717 3162 841 3225 abusus.
884 3161 947 3226 seo
983 3164 1108 3226 dehoc
1137 3166 1217 3226 inira
1239 3167 1271 3227 iu

348 3253 478 3327 peccato
499 3245 624 3311 veniali.

430 3329 526 3410 Igitur
547 3336 663 3390 tantum
694 3335 742 3390 cat
762 3329 805 3390 ibi
827 3331 965 3412 peccati,
993 3337 1139 3412 quantum
1162 3331 1273 3392 nolun-

346 3413 438 3492 tatis,
460 3412 662 3492 difficultatis,
682 3415 922 3495 repugnantiae,
950 3424 985 3475 et
1005 3421 1122 3475 tanturn
1146 3413 1188 3477 ibi
1211 3435 1274 3476 me-

347 3497 413 3574 riti,
437 3504 582 3576 quantum
601 3497 780 3574 voluntatis,
801 3497 961 3576 libertatis,
982 3498 1153 3560 hilaritatis,
1175 3498 1273 3560 Mixto

244 3641 250 3660 ⁸
348 3579 517 3641 cuntheec
546 3580 607 3640 duo
630 3581 661 3639 in
685 3581 769 3641 omni
792 3582 856 3641 vito
884 3588 915 3641 et
935 3600 1030 3662 opere
1051 3587 1175 3659 nostro,
1207 3601 1272 3641 non

311 3709 319 3731 ,
348 3663 429 3722 enirn
453 3663 519 3723 cine
542 3681 633 3724 carne
656 3681 779 3741 sumus,
800 3683 859 3723 nec
880 3665 947 3724 aine
969 3681 1007 3724 ea
1028 3679 1208 3744 operamur,
1241 3671 1274 3725 ot

346 3746 444 3826 qualis
467 3754 514 3806 eat
547 3765 637 3822 coro,
676 3747 750 3806 talia
777 3755 931 3828 operatur.
975 3746 1065 3823 Quod
1096 3749 1122 3808 ei
1144 3749 1184 3807 sit
1205 3755 1274 3808 toto

349 3829 510 3904 noluntas,
532 3829 593 3888 iem
616 3834 664 3888 eat
685 3837 847 3910 peccatum
869 3829 911 3892 ibi
933 3830 1064 3892 mortale
1087 3837 1119 3892 et
1138 3833 1273 3911 aversio,

348 3919 414 3973 tota
436 3919 539 3974 autem
562 3911 705 3972 voluntas
729 3913 759 3972 ln
781 3913 842 3972 hac
857 3915 995 3974 ritanon
1020 3922 1077 3993 eat,
1099 3913 1171 3975 ideo
1194 3934 1274 3975 aeru-

383 4081 450 4146 1)ln
470 4055 533 4133 eddj
552 4084 634 4151 erige
653 4081 767 4150 Quinto.
