3075 4775
386 533 394 552 ‘
478 559 483 580 ·
552 562 570 600 a
589 543 858 647 loona-smera
1133 541 1177 612 48

256 730 338 812 apud
357 732 522 796 Romanos
554 731 640 796 solos
672 733 850 811 incorrupta
870 730 994 792 Petrum
1019 731 1179 809 autoritas,

257 815 314 878 nisi
336 815 417 876 forte
438 835 477 876 eo
500 823 639 896 ternpore
661 834 722 894 quo
738 815 863 893 scripsit
875 813 1092 894 Hieronymus,
1113 816 1177 878 imo

223 947 225 953 .
258 898 384 962 tradunt
417 897 573 962 Historiae
605 899 759 960 Liberium
786 897 962 959 Romanum
996 897 1178 960 Pontificem

258 982 452 1044 concessisse
466 981 599 1061 Arianis,
616 990 646 1044 et
665 981 740 1042 illud
753 981 961 1060 Hieronymus
970 981 1003 1040 in
1020 982 1091 1043 viris
1111 981 1179 1043 illu·

257 1065 369 1125 stribue
392 1065 510 1145 scribit,
540 1066 624 1146 quod
646 1065 801 1127 Achacius
823 1065 1032 1132 Caesariensis
1060 1065 1179 1144 spineo

257 1168 313 1229 pus
344 1149 493 1224 Arianos,
520 1149 646 1212 Eusebii
669 1149 775 1213 Ariani
804 1147 988 1227 discipulus,
1014 1149 1180 1209 autoritate

259 1231 432 1298 Constantii
453 1233 649 1313 imperatoris
679 1231 835 1294 ordinavit
853 1231 989 1292 Felicem
1015 1230 1047 1292 iu
1066 1231 1180 1293 Boma-
1220 1272 1225 1280 ι

258 1335 331 1378 num
352 1315 545 1380 Pontificem.
575 1349 578 1354 v

341 1396 473 1476 Octavo,
494 1399 656 1462 confutans
679 1399 876 1460 autoritatem
888 1396 1068 1476 Hieronymi
1092 1416 1112 1456 a
1128 1416 1180 1460 mo

257 1480 414 1544 inductam
429 1481 653 1562 adEvagrium,
675 1479 749 1563 dicit
768 1501 805 1542 se
825 1481 1178 1550 scivisse‘omneseius·

259 1563 330 1626 dem
352 1566 462 1642 meriti,
486 1565 686 1644 eiusdemque
708 1564 872 1626 sacerdotii
890 1582 1000 1626 omnes
1013 1564 1180 1643 episcopos

259 1647 354 1708 fuisse
385 1654 416 1708 et
450 1668 536 1726 esse,
571 1647 627 1709 sed
654 1648 803 1728 Papatum
837 1666 906 1708 ease
936 1646 1074 1708 ordinem
1102 1646 1181 1714 ultra

259 1732 494 1810 episcopatum,
530 1731 584 1792 sed
614 1750 677 1792 non
700 1733 793 1792 evicit
812 1730 1048 1810 responsionem
1070 1749 1181 1809 meam,

150 1867 151 1870 ,
259 1814 332 1892 quia
354 1813 560 1895 Hieronymus
573 1814 790 1877 sublimitatem
813 1820 845 1874 et
855 1814 1087 1886 inferioritatem
1109 1813 1180 1893 Hpi-

150 1901 151 1982 ,
258 1915 426 1976 scaporum
448 1917 511 1963 nou
533 1899 590 1962 iuri
612 1897 735 1976 divino,
757 1897 813 1958 sed
837 1895 1052 1958 consuetudini
1074 1903 1107 1956 et
1127 1916 1181 1976 pc

259 1981 376 2045 ennae
399 1980 580 2042 divitiarum-
593 1981 706 2042 tribuit.
749 1980 824 2042 Ideo
855 1979 956 2042 adhue
977 1998 1088 2041 maneo
1110 1998 1181 2043 curn

150 2065 152 2140 ᾗ
259 2062 462 2142 Hieronymo.

150 2143 152 2174 ²
343 2145 392 2208 Ad
408 2166 544 2225 nonum,
566 2167 658 2226 super
680 2146 841 2208 Cononem
863 2147 913 2210 99„
935 2143 1004 2206 dist.
1027 2144 1103 2206 dicit
1122 2143 1181 2210 sibi

257 2249 321 2290 non
344 2248 495 2309 apparere
515 2230 547 2290 in
570 2229 867 2310 ecolesiaprimitiva
887 2228 983 2288 fuisse
995 2228 1088 2290 talem
1108 2247 1181 2288 con·

150 2349 151 2352 =
258 2312 432 2393 fusionem,
464 2319 499 2372 ut
520 2315 684 2393 episcopus
711 2311 914 2372 asacerdote
940 2330 1003 2373 non
1025 2330 1182 2392 seperare·

259 2402 314 2459 tur.
358 2396 568 2478 Respondeo:
611 2395 692 2472 Quid
719 2396 780 2457 hoo
800 2394 840 2456 ad
861 2395 938 2455 me?
966 2405 1085 2475 pugnet
1111 2414 1181 2457 oum
1229 2400 1260 2486 ’1

258 2479 450 2559 Hieronymo
473 2487 505 2541 et
525 2478 704 2541 canonibus.
748 2478 839 2553 Quod
872 2486 975 2539 mutem
997 2478 1181 2559 Dionysium

150 2562 151 2571 ’
258 2562 376 2623 inducit
396 2564 476 2623 inter
498 2582 603 2625 sacros
626 2562 749 2626 ordines
770 2564 984 2641 episcopatum
1007 2580 1180 2640 recensere,

259 2646 372 2723 miror,
411 2644 494 2724 quod
520 2665 582 2708 non
611 2646 703 2707 etiam
730 2645 849 2707 inducit
870 2644 1050 2705 exeodem
1074 2651 1182 2708 autera

258 2728 348 2799 Rom.
381 2728 531 2797 ecclesiae
554 2729 784 2805 monarchiam,
820 2746 889 2788 oum
917 2726 1032 2788 haheat
1062 2734 1181 2792 tantum

259 2812 408 2873 momenti
437 2811 477 2873 ad
503 2811 724 2890 hierarchiam,
759 2818 792 2871 ut
820 2812 887 2871 sine
921 2810 980 2870 hac
1013 2808 1181 2875 similitudo

259 2893 473 2973 triumphantis
505 2894 658 2955 ecclesiae
681 2895 852 2957 consistere
885 2911 948 2953 uon
971 2893 1079 2971 possit.
1121 2892 1181 2951 De

259 2978 322 3035 cuit
357 2984 458 3037 autern
482 2978 688 3058 professorem
718 2974 1113 3047 scribendaehierarohiae
1134 2993 1181 3034 ar·

258 3065 406 3139 gumento
428 3067 572 3141 suscepto
596 3062 775 3145 praesertim
808 3062 839 3119 in
866 3058 1093 3139 praestantiore
1116 3058 1181 3117 eius
1255 3062 1263 3079 ‘

258 3147 345 3221 parte
368 3142 555 3222 satisfacere,
577 3150 610 3204 at
631 3144 796 3224 Dionysius
820 3161 917 3223 usque
938 3140 979 3202 ad
1001 3142 1181 3225 episcopum

259 3225 360 3294 solum
384 3224 517 3287 deducit.

341 3306 391 3371 Ad
419 3308 591 3387 decimum,
627 3308 667 3369 ad
689 3308 849 3371 Cononem
873 3310 923 3373 99.
957 3306 1027 3368 dist.
1058 3306 1109 3367 ubi
1136 3326 1182 3368 re·

260 3390 383 3470 spondi,
405 3391 591 3470 prohibitum
612 3392 716 3469 fuisse,
738 3413 779 3453 ne
793 3394 881 3453 Rom.
903 3391 1046 3453 Pontifex
1062 3391 1182 3451 univer·

260 3473 333 3533 salis
356 3474 513 3535 ecelesiae
536 3476 699 3554 episcopus
717 3476 934 3555 appellaretur,
958 3473 1130 3535 confutavit
1151 3474 1183 3535 in

259 3556 340 3616 huno
354 3556 500 3618 modurn:
522 3556 593 3617 Non
616 3556 699 3637 quod
712 3558 801 3620 Rom.
821 3557 966 3653 Hontifex
986 3576 1060 3618 non.
1072 3557 1112 3615 sit
1123 3557 1182 3635 pris

261 3659 326 3699 mus
349 3646 383 3701 et
410 3659 565 3709 summus,
597 3639 652 3703 sed
682 3638 765 3719 quod
796 3658 960 3720 epiecopus
988 3637 1183 3718 peculiariter

261 3722 363 3817 Rom·
374 3722 534 3785 Ecclesiae
557 3742 619 3783 non
641 3724 680 3785 sit
700 3724 842 3803 proprius
855 3721 1017 3784 cuiuslibet
1031 3722 1183 3783 ecclesiae

261 3806 435 3886 episcopus.
458 3805 661 3885 Respondeo:
695 3806 792 3881 Quasi
813 3805 866 3865 ulli
889 3805 1061 3867 mortalium
1085 3805 1184 3883 possit

150 3884 151 3913 ¹
261 3896 320 3949 tam
344 3888 455 3948 stultus
477 3888 613 3949 incidere
634 3888 783 3966 affectus,
818 3895 852 3948 ut
873 3908 934 3949 una
954 3906 1089 3968 persona
1110 3886 1184 3945 velit

262 3970 403 4034 omnibus
436 3972 576 4033 eeclesiis
592 3978 637 4035 ‘et
665 3972 793 4053 singulis
815 3990 981 4051 praeesse,
1011 3976 1045 4029 ut
1065 3972 1180 4029 tantam

261 4054 413 4117 insaniam
448 4074 578 4117 necesse
615 4056 705 4117 fuerit
735 4054 910 4136 prohibere.
952 4053 1070 4115 'Parnon
1092 4048 1182 4110 relin-
