3075 4775
574 556 729 619 cunctantis
748 563 873 626 excepta
1014 512 1022 539 ἱ
1115 554 1178 625 197

258 748 310 827 qui
332 744 497 809 descendit
516 746 548 818 Ι)
572 745 612 807 de
634 747 787 826 sapientia
807 747 847 807 ad
867 747 1019 824 timorem,
1042 710 1099 809 add
1119 767 1178 810 uos

258 837 368 893 contra
396 829 627 891 descenderes
650 832 760 891 timore
789 832 829 891 ad
849 832 1017 893 mritatenr.
1045 832 1178 893 Docenti

258 916 303 975 sic
325 913 515 993 respondeo,
539 914 624 993 quod
644 914 732 975 divus
746 913 914 997 Gregorius
935 932 998 973 non
1013 913 1106 976 debet
1127 934 1178 975 ex-

258 998 384 1059 cludere
408 998 586 1073 caritatem,
608 1016 667 1058 neo
687 998 819 1058 exclusit
838 1018 858 1059 s
880 1000 991 1059 timore
1011 999 1179 1079 incipiente

257 1081 500 1162 poenitentiam,
521 1081 600 1143 sicut
619 1081 654 1141 D.
676 1082 714 1141 D.
735 1082 888 1162 intelligit,
910 1082 989 1140 sicut
1008 1100 1068 1139 nec
1088 1101 1108 1141 a
1130 1100 1179 1141 ca·

179 1202 184 1211 ·
257 1166 349 1225 ritate
372 1163 544 1225 excluditur
565 1165 664 1225 omnis
687 1166 780 1225 timor
795 1163 924 1242 servilis,
944 1165 1125 1243 praesertim
1146 1166 1178 1223 in

256 1249 317 1309 hac
339 1249 413 1324 vita,
437 1266 505 1307 oum
529 1248 664 1308 caritsfis
687 1247 821 1309 officium
844 1250 884 1308 sit
912 1246 1069 1325 expellere
1089 1248 1179 1308 tirno·

255 1351 321 1392 rem
345 1330 500 1408 servilem,
519 1336 612 1409 atque
632 1330 664 1390 id
687 1337 752 1393 tots
773 1332 845 1407 vita,
869 1338 901 1391 et
920 1330 1067 1390 inducere
1088 1330 1178 1389 timo·

256 1434 321 1477 rem
344 1413 482 1473 filialem.
776 1445 781 1458 .
984 1445 988 1453 t

342 1496 450 1581 Sexto,
472 1494 512 1557 ad
534 1498 714 1557 autoritates
736 1497 842 1568 Pauli,
864 1496 948 1575 quod
967 1494 1032 1556 Lex
1052 1502 1180 1575 propter

233 1581 521 1661 'transgressiones
542 1581 643 1660 posita
666 1587 728 1658 est,
751 1587 784 1640 et
803 1586 897 1659 auget
917 1578 1083 1656 delictum,
1106 1578 1180 1639 dicit

256 1664 332 1724 nihil
356 1682 427 1723 esse
449 1662 488 1723 ad
509 1664 719 1743 propositum,
749 1670 782 1723 et
806 1683 856 1722 me
884 1662 1065 1723 diverticula
1085 1681 1179 1742 quae·

257 1748 389 1824 sivisse,
424 1745 580 1807 adducens
602 1746 806 1827 Augustinum
829 1753 938 1807 eontra
957 1746 1104 1805 Faustum
1125 1746 1177 1807 lib.
1214 1767 1221 1785 r
1280 1786 1294 1814 .

257 1832 314 1893 22:
333 1830 498 1894 Peccatum
522 1848 593 1889 esse
614 1828 728 1905 dictum
750 1830 800 1889 vel
822 1830 938 1889 factum
947 1836 1056 1889 contra
1078 1829 1178 1909 legem

257 1914 332 1992 Dei,
354 1912 463 1972 nescio
491 1912 563 1991 quid
585 1911 662 1971 velit
681 1912 718 1971 o.
740 1913 778 1974 D.
810 1912 880 1973 Non
903 1918 951 1972 est
970 1912 1021 1971 hic
1041 1911 1178 1991 disputa-

258 1997 316 2074 tio,
347 1994 421 2075 quid
443 1996 483 2075 sit
504 2001 679 2075 peceatum,
706 1994 778 2056 ideo
802 1994 964 2075 superfluis
995 1993 1096 2054 verbis
1117 1994 1194 2054 hoc'

258 2086 378 2159 tempus
410 2077 561 2158 perditum
586 2087 642 2139 est.
686 2077 806 2158 Scopus
828 2080 887 2138 iste
907 2083 1061 2155 versatur,
1095 2077 1177 2157 quod

159 2160 160 2225 j
257 2163 422 2223 autoritate
443 2162 530 2223 Pauli
553 2162 646 2221 timor
667 2162 787 2221 servilis
823 2180 885 2221 non
907 2162 1008 2241 possit
1028 2180 1098 2220 esse
1119 2161 1178 2220 nisi

159 2272 160 2317 3
257 2251 436 2325 peecatum,
466 2251 497 2305 et
517 2263 631 2325 augere
652 2251 813 2324 peccatum
842 2264 898 2325 per
918 2246 1060 2305 virtutem
1088 2244 1178 2322 legis,
1248 2302 1252 2311 ,

258 2330 282 2389 si
310 2328 393 2389 desit
420 2328 527 2410 gratis.
570 2326 610 2388 Et
637 2328 681 2389 sio
712 2330 893 2389 autoritates
914 2327 1000 2388 Pauli
1023 2346 1086 2388 non
1108 2333 1180 2387 sunt

258 2411 448 2490 diverticula,
470 2411 526 2472 sed
547 2411 675 2472 fulmina
688 2414 880 2472 conterentis
893 2413 1077 2471 sententiam
1089 2411 1126 2471 D.
1139 2411 1177 2470 D.

159 2545 160 2552 ,
258 2493 417 2575 usquead
451 2495 620 2574 pulverem.
661 2495 730 2556 Non
763 2514 837 2576 ergo
860 2514 920 2576 ego
942 2514 982 2555 ex
1002 2493 1178 2554 hominibus

258 2576 387 2659 angelo's
400 2577 492 2655 facio,
514 2577 626 2638 oblitus
636 2577 821 2659 fragilitatis,
842 2577 897 2638 sed
914 2577 1025 2651 doceo,
1042 2597 1081 2637 ne
1094 2577 1178 2636 Deos

257 2663 405 2722 faciamus
427 2678 468 2724 ex
490 2661 724 2740 peccatoribus,
747 2661 818 2722 dum
843 2660 1068 2722 obliviscuntur
1087 2660 1177 2740 fragi-

164 2798 167 2806 ,
258 2745 350 2806 litatis
381 2763 477 2820 suae,
510 2763 571 2823 qna
597 2763 661 2804 non
689 2750 820 2824 possunt
844 2745 904 2804 nisi
936 2743 1049 2821 malum
1076 2742 1179 2802 facere

258 2835 329 2889 ante
352 2827 495 2906 gratiam.

340 2907 434 2984 Quod
462 2910 698 2970 conversionem
732 2909 788 2970 filii
813 2909 934 2990 prodigi
964 2908 1076 2969 factam
1106 2906 1181 2967 dicit

258 2991 521 3072 contemplatione
551 3011 690 3072 poenae,
723 3012 813 3074 nego.
865 2993 912 3053 Ad
952 2991 1179 3072 probationem,

258 3076 341 3157 quod
372 3075 527 3136 neminem
559 3075 703 3152 haberet,
739 3079 790 3154 qui
813 3097 882 3136 eum
905 3075 1022 3157 siliquis
1044 3075 1179 3152 satiaret,

258 3159 349 3221 dieo?
378 3158 443 3218 Nisi
465 3159 547 3218 intus
569 3158 676 3219 luisset
697 3165 812 3220 tractus
834 3161 916 3220 etin
941 3177 975 3218 se
997 3175 1179 3234 conversus,

258 3245 362 3325 potius
384 3241 466 3302 fame
489 3248 624 3302 mortuus
646 3248 744 3320 esset,
767 3262 858 3323 qnam
880 3242 1038 3318 rediisset,
1066 3248 1099 3301 nt
1120 3247 1181 3301 stet

257 3326 427 3388 sententia:
449 3323 548 3386 Nemo
572 3326 658 3398 venit
677 3324 716 3385 ad
739 3345 799 3401 me,
821 3327 879 3386 nisi
900 3327 992 3386 Pater
1012 3344 1099 3385 meus
1122 3331 1180 3385 trc-

170 3456 172 3469 .
257 3411 340 3472 xerit
362 3427 464 3468 eum.r

340 3490 433 3566 Quod
443 3489 634 3570 Augustinus
656 3487 745 3563 dicit,
769 3489 863 3550 verbs
882 3491 948 3550 eins
969 3490 1063 3550 fuisse
1085 3490 1181 3551 verba

258 3575 480 3656 poenitentiam
491 3573 675 3649 meditantis,
685 3573 828 3652 nondum
843 3574 972 3652 agentis,
993 3591 1085 3651 spero
1097 3572 1180 3652 qnod

259 3677 314 3739 pro
339 3655 395 3718 me'
411 3657 513 3730 faeiat
536 3654 659 3734 quando
684 3655 822 3717 meditari
837 3657 1071 3735 poenitentiam,
1094 3675 1181 3736 prae-

259 3742 364 3803 sertim
377 3737 561 3806 medullitus‘
573 3740 605 3798 in
627 3739 731 3817 corde,
753 3741 793 3799 sit
813 3745 898 3799 certe
918 3740 1054 3818 incipere
1075 3739 1181 3819 poeni·

262 3909 681 3950 ,Γ-.----

295 4007 327 4077 1)
350 4009 380 4059 ln
401 4005 444 4058 cd.
467 4011 557 4078 orig.:
585 4005 743 4061 descendat.
758 3987 767 4056 ⁸.
