3075 4775
537 570 573 623 ad
591 571 649 625 lob.
668 570 927 642 anolarnpadium.
1138 569 1202 638 485
1285 657 1293 676 ι

279 755 337 815 ‹liit
356 755 398 815 ob
425 755 505 817 baee
525 756 692 835 Lutberus,
726 757 811 838 quod
839 756 1001 819 videbatur
1022 757 1203 840 obstrepere

279 838 430 915 oonoiliie,
455 859 524 901 enm
547 840 600 900 ille
620 840 697 901 nihil
718 843 837 902 maiore
857 841 1008 921 religione
1022 849 1203 922 praestaret,

280 939 373 1002 quam
406 929 438 982 ot
472 941 528 984 sua
549 924 689 985 ooneiliis
722 931 806 986 esset
826 926 983 986 autoritas.
1027 925 1074 986 Ibi
1095 925 1203 987 haere-

280 1023 341 1081 ses,
364 1005 552 1068 Bohemieae
571 1007 740 1086 faotiones,
763 1015 795 1070 et
815 1007 846 1069 id
873 1027 971 1089 genus
994 1009 1121 1069 erimina
1142 1009 1203 1070 alia

280 1087 513 1153 obiieiebantur.
724 1150 728 1155 .

362 1171 490 1254 Largius
511 1179 560 1233 est
581 1173 707 1251 anina,
730 1174 892 1253 aequalem
918 1175 1053 1234 omnium
1077 1181 1202 1256 aposto-

278 1255 379 1316 lomm
406 1257 602 1317 autoritatem
623 1257 733 1332 fuisse,
767 1276 827 1318 nee
854 1265 1092 1318 oonaeotaneum
1123 1277 1202 1337 esse,

278 1345 314 1398 nt
347 1339 408 1398 sint
438 1340 589 1419 aequales
624 1341 780 1420 episeopi,
818 1342 968 1402 interesse
1008 1342 1089 1400 enim
1123 1341 1204 1403 inter

280 1417 476 1503 ἀποστολήν
497 1430 529 1484 et
549 1422 858 1501 administrationem,
880 1443 948 1484 oum
966 1443 1029 1484 non
1054 1425 1094 1484 sit
1110 1419 1203 1488 *nimo-

281 1503 383 1586 στολή
405 1505 487 1566 eliud
499 1507 556 1566 nisi
568 1506 684 1586 legatio
706 1503 752 1581 εἰς
774 1501 927 1588 ὑπακοὴν
941 1511 1086 1581 πίστεως
1107 1508 1202 1568 Paulo

279 1588 321 1648 ad
341 1588 430 1650 Rom.
454 1596 572 1651 autore.
615 1590 724 1669 Neque
757 1592 838 1650 inter
872 1586 1069 1671 ἀποστολήν
1092 1597 1123 1651 et
1147 1590 1204 1651 ad-

281 1672 535 1733 ministrationem
568 1673 641 1752 qoid
673 1674 810 1748 intersit,
851 1672 951 1734 video.
1005 1671 1203 1734 Intolerabile

280 1756 379 1814 visum
391 1755 498 1828 Eooio,
520 1755 631 1816 alieubi
654 1755 802 1817 resedere
824 1776 842 1817 a
863 1756 1031 1818 Pontifioiis
1053 1757 1204 1834 Decretis,

281 1843 334 1899 aut
358 1857 378 1898 a
399 1838 662 1918 qualibuscunque
683 1837 786 1900 verbis
809 1840 937 1900 alieuius
961 1859 977 1900 e
1001 1839 1031 1901 S.
1053 1839 1203 1916 Patribus,

279 1941 384 1982 verum
407 1923 592 1982 sententiam
626 1937 712 1984 suam
741 1921 783 1982 de
804 1921 926 1984 Pontifi.
948 1923 1019 1984 loeo
1042 1922 1081 1982 ad
1102 1921 1204 1985 Galat.

264 2004 429 2082 „Lauerna
451 2006 575 2078 muniit,
607 2025 672 2066 non
694 2005 815 2082 alieno,
838 2011 985 2084 quantum
1014 2000 1121 2066 video:
1155 2005 1203 2066 Ab

279 2089 318 2148 iis
340 2089 392 2167 qui
421 2087 604 2148 videbantur
632 2107 702 2149 esse
731 2089 863 2167 aliquid,
897 2089 1003 2167 quales
1036 2087 1203 2166 aliquando

279 2171 405 2247 fuerint,
437 2171 514 2231 nihil
542 2191 612 2232 mea
640 2172 779 2232 interest.
821 2172 905 2232 Deus
935 2173 1015 2232 enim
1037 2189 1208 2251 personam·

279 2255 414 2315 bominis
444 2274 508 2315 non
541 2256 662 2335 aeoipit.
706 2254 780 2314 Mihi
803 2261 905 2316 autem
936 2256 988 2332 qui
1020 2254 1205 2315 videbantur

280 2356 351 2399 esee
374 2337 499 2418 aliquid,
522 2337 597 2399 nihil
620 2337 826 2401 contulerunt.
871 2338 995 2399 Interim
1007 2337 1118 2399 Eooiue
1141 2339 1205 2419 opi-

281 2429 371 2482 natur
391 2441 411 2481 a
433 2422 555 2484 Christo
579 2421 741 2501 apostolos
764 2422 863 2482 lentos
887 2441 972 2496 esse,
995 2422 1049 2482 sed
1072 2441 1091 2481 a
1112 2421 1204 2482 Petro

282 2504 442 2566 ordinatos
467 2506 644 2585 episcopos.
686 2504 736 2563 Ex
758 2503 805 2563 his
828 2505 972 2564 aestimes
993 2504 1120 2580 reliqua.

365 2586 414 2648 Ad
434 2589 696 2661 constitutionem,
720 2605 801 2665 quae
814 2591 993 2647 recensetur
1005 2587 1036 2645 in
1048 2586 1203 2647 Deoretis:

281 2671 331 2731 Ne
345 2671 501 2732 Romanus
512 2670 656 2732 Pontifex
677 2670 860 2730 universalis
878 2670 1043 2749 episeopus
1066 2669 1203 2727 nomine·

282 2760 346 2830 tur,
386 2754 561 2834 respondit:
614 2754 684 2814 Non
723 2753 846 2831 quidem
893 2750 1097 2811 universalem
1141 2752 1203 2846 epi-

283 2855 411 2917 soopnm
435 2836 655 2897 nominandum
671 2855 750 2910 esse,
779 2836 834 2896 sed
848 2834 1029 2895 universalis
1052 2833 1204 2894 eoelesrae

283 2920 473 3000 episcopum.
711 2972 716 2979 .

366 3000 441 3064 Post
461 3002 541 3063 haee
574 3000 612 3061 de
642 3001 822 3081 purgatorio
845 3000 895 3080 agi
918 3006 1077 3078 ooeptum,
1118 2999 1204 3059 ouius

284 3087 489 3164 quaestionis,
518 3085 663 3163 arbitror,
692 3102 825 3163 aeopum
848 3102 887 3143 ne
909 3083 1049 3163 attigisse
1071 3080 1204 3159 quidem.
1285 3122 1290 3131 ,

283 3169 453 3229 Nemeum
476 3166 686 3229 disserendum
710 3172 806 3243 asset,
830 3184 920 3244 quem
942 3166 973 3225 in
995 3164 1205 3245 purgatorium

284 3257 470 3333 potestatem
492 3250 606 3313 habeat
626 3250 728 3330 Papa,
761 3250 867 3329 eoepit
888 3248 999 3309 Eeoius
1022 3247 1113 3307 aliam
1136 3264 1206 3307 ean·

284 3336 427 3413 tilenam,
462 3354 531 3397 esee
557 3335 784 3415 purgatorium,
819 3332 944 3413 probari
972 3336 1005 3390 ut
1026 3328 1141 3411 possit,
1174 3328 1206 3389 id

284 3418 369 3498 quod
391 3419 544 3499 reeeptius
567 3424 629 3490 eet,
662 3435 753 3495 quam
776 3422 811 3476 ut
834 3433 964 3475 neeesse
996 3414 1036 3474 sit
1060 3414 1154 3473 toties
1175 3414 1206 3473 in

285 3500 416 3563 scholas
440 3520 562 3563 voeare.
605 3500 707 3562 Locus
730 3504 778 3559 est
809 3500 838 3557 in
861 3496 1057 3557 Manbabaeis
1070 3494 1106 3562 *l
1141 3496 1207 3556 vul·

284 3590 392 3665 gatus,
436 3602 499 3663 quo
539 3584 723 3644 sententiam
761 3600 849 3641 suam
893 3579 1050 3640 muniebat
1084 3579 1206 3640 Eeoius.

283 3666 418 3728 Luthero
441 3668 539 3727 visum
560 3673 608 3726 eet
628 3668 660 3727 in
682 3665 899 3740 eontentione,
921 3664 1008 3723 iuxta
1028 3661 1207 3741 Hieronymi

285 3749 470 3811 sententiam
507 3768 570 3810 non
603 3749 708 3810 valere
734 3746 951 3808 Machabaeos.
1004 3746 1118 3807 Contra
1145 3743 1207 3818 ille,

285 3840 403 3895 tantum
427 3832 532 3895 deberi
547 3832 804 3893 blaehabaeorum
828 3829 916 3906 libro,
939 3835 1085 3908 quantum
1107 3824 1208 3885 Evan-

291 4005 298 4009 .
306 4003 439 4009 ———--
447 4002 707 4009 -...—--..-.-.--..-

360 4101 389 4167 ⁸)
408 4099 426 4157 2
444 4099 532 4153 llaeh.
553 4098 598 4154 12.
