3075 4775
356 542 420 611 288
618 546 710 601 Resol.
722 530 757 599 l..
777 562 862 615 super
879 546 1067 615 Propositiun.

442 732 485 793 At
510 734 618 794 iterum
641 734 740 794 simile
763 740 841 799 esto.
863 734 975 798 Johsn.
1005 734 1095 796 dieis:
1127 732 1188 808 Qui
1215 752 1280 795 non

361 816 461 898 diligit
482 818 616 893 fratrem,
639 836 728 895 quem
752 816 852 897 videt,
874 818 974 879 Deum
995 818 1153 898 quomodo
1176 824 1283 897 potent

362 899 499 980 diligere,
520 918 609 979 quem
626 918 687 959 non
702 899 807 959 videt?
830 900 906 961 Cum
918 902 958 962 sit
967 901 1144 982 imposibile
1155 901 1282 961 irstrem

363 983 464 1064 diligi,
486 985 544 1043 nisi
564 985 595 1043 in
618 982 688 1043 Deo
710 984 794 1063 prius
816 983 938 1047 dileoto.
981 984 1039 1045 Est
1060 1003 1135 1065 ergo
1151 1000 1281 1045 sensus:

364 1066 434 1126 Non
457 1067 605 1147 probetur
625 1064 752 1145 diligere
771 1066 886 1143 Deum,
909 1086 1000 1148 quem
1020 1086 1085 1128 non
1106 1067 1206 1141 videt,
1229 1067 1282 1145 qui

362 1168 424 1210 non
448 1149 582 1211 ostendit
604 1167 638 1209 se
659 1148 787 1229 diligere
806 1150 948 1230 lustrem,
970 1170 1060 1230 quem
1083 1149 1177 1211 videt.
1249 1167 1254 1175 ·

444 1232 539 1292 Video
552 1250 637 1312 ergo,
659 1250 750 1310 quum
772 1232 867 1313 longe
890 1234 1019 1294 abierint
1040 1233 1079 1294 sb
1096 1234 1283 1314 Augustino,

363 1316 415 1395 qui
438 1316 519 1375 huno
530 1322 649 1395 tropum
669 1334 730 1374 non
745 1316 997 1395 observaverunt,
1020 1324 1052 1376 et
1073 1335 1164 1396 quum
1175 1318 1283 1396 inepte

360 1397 398 1459 sd
428 1398 600 1459 Romanum
630 1396 809 1459 Pontificem
845 1407 877 1460 et
910 1400 1074 1461 eeclesiam
1107 1399 1283 1461 Romanurn
1380 1457 1382 1462 ,

359 1483 418 1542 istu
438 1481 555 1541 direpta
576 1482 646 1543 sint.
903 1538 906 1543 .
1083 1549 1088 1558 ,

442 1564 525 1625 Dicis
537 1566 660 1623 iterum:
683 1562 820 1625 Christus
834 1566 957 1647 rogavit
968 1583 1023 1645 pro
1034 1564 1125 1626 Petro
1148 1564 1259 1626 disens
1274 1586 1281 1623 ε

359 1647 400 1708 Ut
420 1666 483 1708 non
505 1645 628 1707 deliniet
648 1646 725 1707 fides
747 1656 809 1709 tus.
852 1648 884 1709 Si
905 1647 1038 1709 delinere
1059 1649 1209 1728 sooipitur
1236 1647 1279 1707 lu·

359 1732 424 1793 tino
447 1737 554 1811 tropo,
583 1730 775 1789 menifestum
799 1737 861 1808 est,
894 1731 975 1792 Petri
997 1730 1088 1791 fldem
1113 1731 1278 1805 defecisse,

363 1813 486 1893 quondo
516 1813 627 1873 oeoidit
659 1821 773 1893 negato
797 1813 929 1894 Christo.
971 1813 1073 1889 Quare
1093 1814 1175 1875 Petri
1205 1813 1284 1875 fides

353 1904 427 1965 ,tum
452 1916 514 1957 non
536 1897 566 1955 in
590 1896 698 1973 Petro,
721 1896 776 1956 sed
798 1898 830 1956 in
852 1899 970 1979 uirgine
991 1897 1087 1957 Muris
1107 1898 1230 1974 mansit,
1252 1906 1285 1957 et

362 1981 392 2054 in
415 1980 533 2041 lutrone
556 1978 666 2039 dextro
699 1990 766 2040 ortu
794 1987 856 2053 est,
888 1980 997 2041 eudem
1020 1981 1100 2040 enim
1132 1986 1181 2041 est
1200 1980 1285 2041 Petri

361 2062 448 2141 fides,
471 2082 550 2141 quse
572 2064 718 2136 omnium,
740 2064 820 2123 siout
838 2064 1026 2145 Augustinus
1049 2064 1088 2123 de
1102 2063 1186 2125 irin.
1209 2063 1285 2124 dicit

362 2146 428 2206 libr.
453 2149 486 2208 1:
509 2144 594 2205 Haeo
616 2164 684 2205 mes
703 2144 781 2207 fides
803 2153 859 2223 est,
878 2147 1026 2226 quonium
1039 2146 1117 2207 huee
1129 2146 1285 2207 catholiea

365 2227 442 2289 fides
464 2236 521 2288 est.
563 2228 665 2307 Atque
687 2228 748 2289 hoo
763 2229 856 2291 modo
871 2228 948 2290 fides
961 2230 1041 2290 Petri
1063 2230 1139 2290 nihil
1160 2229 1200 2291 sd
1222 2230 1284 2290 Ro

364 2329 484 2371 monum
508 2311 687 2390 eoolesinm,
714 2311 797 2393 quod
819 2330 928 2373 sensus
950 2319 1011 2373 est:
1042 2312 1147 2373 Fidem
1171 2312 1285 2379 Christi

277 2433 283 2456 t
365 2393 463 2478 (quse
485 2396 578 2456 totius
601 2396 751 2457 ecelesiae
774 2395 844 2479 est),
866 2415 946 2476 quse
966 2405 1039 2457 tune
1059 2397 1090 2456 in
1104 2397 1194 2457 Petro
1216 2397 1283 2474 fuit,

362 2497 518 2558 nunquam
541 2478 736 2540 deiecturum.
1246 2479 1250 2486 ’

447 2561 480 2622 Si
501 2569 604 2622 sutem
625 2561 747 2624 Ebrseo
776 2569 867 2644 tropo
895 2561 1028 2624 defluere
1049 2557 1197 2642 pecipitur
1225 2583 1283 2643 pro

366 2644 455 2705 linire
476 2664 514 2705 so
533 2647 655 2725 penitus
680 2664 820 2725 eessare,
851 2665 910 2706 nee
942 2645 1108 2725 aliquando
1135 2647 1284 2726 reparari,

364 2728 480 2789 olorum
502 2735 564 2804 est,
587 2727 667 2788 Petri
688 2728 780 2790 fidem
804 2728 953 2790 cecidisse
974 2728 1113 2809 quidem,
1141 2728 1195 2788 sed
1220 2749 1283 2790 non

366 2811 533 2889 delenisse,
559 2812 629 2890 quie
650 2831 774 2873 reversa
797 2820 846 2874 est
867 2833 886 2872 u
908 2812 1012 2892 lupsu,
1033 2831 1138 2873 verum
1163 2831 1203 2872 ex
1223 2811 1284 2873 hae

364 2895 520 2976 personali
543 2893 605 2954 lide
627 2895 702 2955 nihil
723 2915 780 2976 pro
803 2896 866 2956 ullo
888 2897 1036 2976 episeopo
1057 2895 1199 2966 insertur,
1223 2915 1283 2957 nee

361 2978 478 3059 aliquid
500 2977 539 3039 sd
564 2997 774 3040 suceessorum
796 2979 928 3059 pertinet
952 2977 991 3038 de
1012 2978 1071 3039 huo
1087 2977 1161 3041 tide.
1186 2977 1282 3058 qusn-

363 3067 425 3122 tum
449 3061 610 3122 verborum
628 3064 807 3142 proprietas
821 3063 901 3123 isoit

661 3143 881 3208 Conclusio
904 3143 984 3204 Xlll.

428 3227 599 3288 Romanum
628 3227 790 3289 eeclesiam
812 3247 883 3289 esse
905 3225 1046 3289 omnibus
1073 3226 1141 3287 sliis
1169 3247 1262 3308 supe·

384 3311 506 3387 riorem,
520 3310 665 3390 probatur
679 3330 717 3372 ex
730 3311 932 3392 frigidissimis
939 3311 1148 3371 Romanorum
1161 3312 1264 3390 ponti-

384 3391 474 3452 iieum
498 3392 643 3476 decretis,
681 3395 761 3455 intra
783 3393 1026 3476 quadringentos
1044 3412 1143 3455 unnos
1171 3395 1264 3477 nutis,

386 3483 492 3537 oontrs
503 3495 581 3560 quae
596 3484 666 3537 sunt
679 3477 825 3539 historiae
840 3478 1030 3558 approbatus
1045 3476 1129 3537 mille
1140 3482 1173 3537 et
1193 3495 1265 3538 een-

385 3565 620 3642 innumerum,
643 3567 744 3622 textus
760 3560 934 3641 Scripturas
949 3552 1082 3639 divinae,
1104 3567 1136 3620 et
1158 3559 1263 3620 deere-

296 3670 298 3680 ·
386 3649 449 3703 tum
474 3643 596 3703 oonoilii
617 3644 724 3705 Niueni
748 3646 885 3704 omnium
908 3644 1117 3705 soomtissimi.

447 3723 538 3786 Hune
576 3726 659 3787 editu
686 3727 888 3788 Resolutione
923 3725 1081 3805 aliquanto
1116 3726 1281 3805 declaravi,

363 3810 451 3890 pluru
473 3807 608 3869 dicturus
617 3809 723 3871 futuris
734 3810 925 3878 sdversariis.
947 3809 1082 3888 interim,
1104 3811 1176 3890 quis
1195 3828 1282 3870 sesn-

365 3892 474 3954 tlelosu
495 3897 544 3952 est
564 3895 736 3972 propositio
759 3895 791 3954 in
812 3893 936 3954 nuribus
950 3893 1085 3972 pietatis,
1105 3893 1137 3956 id
1159 3900 1217 3972 est,
1239 3894 1281 3954 in-

365 3975 465 4036 vinae
487 3980 519 4034 et
537 3975 708 4054 superbiae,
730 3977 962 4056 pameliorum,
986 3995 1026 4038 ue
1045 3976 1129 4038 nudo
1142 3977 1281 4057 prodeat,

355 4058 486 4140 eddom.
529 4057 588 4119 Pro
600 4075 660 4136 quo
673 4061 804 4138 primum
816 4058 927 4140 probo,
947 4059 1115 4139 quamlibet
1125 4061 1279 4122 uivitntem
