3075 4775
351 550 415 629 118
567 564 725 633 Disputatio
744 566 853 633 Lipsiae
870 538 967 620 hadita
984 586 1009 621 a
1028 566 1091 621 xlx

351 752 404 831 qni
425 752 519 812 toties
539 765 596 829 pro
619 765 714 831 regno
728 750 935 833 Neapolitano
959 771 1028 814 enm
1042 756 1178 822 meaima
1200 757 1281 818 aliri-
1314 820 1319 837 ,

352 835 444 896 stiani
466 832 624 914 sanguinis
647 834 802 897 effusione
819 836 903 897 bella
915 844 1095 918 gesserunt,¹
1109 845 1140 900 et
1160 841 1280 902 utinam

353 917 478 979 tandem
500 933 563 997 pax
574 922 658 979 esset
668 918 786 979 stabilis
801 925 832 980 et
843 936 1038 1000 permanens.
1060 922 1161 984 'Unam
1174 923 1281 996 fidem,

351 1000 633 1076 nnumllominnm
656 1001 809 1062 christum
842 1014 981 1085 agnosco
1024 1022 1093 1065 oum
1122 1008 1281 1087 apostolo,

352 1085 407 1146 sed
434 1085 525 1145 Rom.
548 1082 730 1145 Pontificem
748 1092 795 1145 rut
827 1086 938 1147 Christi
965 1106 1097 1150 veneror
1119 1090 1281 1153 viearium.

353 1168 422 1229 sat
449 1187 525 1249 ergo
547 1168 632 1247 prior
654 1169 768 1229 solutio
790 1170 907 1231 invicta
919 1178 948 1230 et
960 1170 1065 1232 valida
1075 1192 1151 1233 meo
1168 1174 1281 1235 saltem

354 1252 428 1313 exili
449 1251 575 1324 iudieio,
598 1250 638 1312 de
660 1269 721 1331 quo
738 1251 894 1313 doctiores
915 1252 1108 1332 indieent1).
1230 1270 1235 1279 ·

434 1370 600 1431 Praeterea
622 1368 832 1431 observandus
856 1371 946 1432 Pater
968 1371 1051 1447 dieii,
1073 1374 1168 1435 verba
1185 1374 1281 1458 l³auli

351 1473 407 1534 per
429 1473 479 1514 me
500 1472 563 1515 non
586 1459 686 1513 taeta:
707 1453 792 1514 Deus
809 1473 975 1534 personam
987 1454 1120 1517 hominis
1142 1476 1205 1517 non
1229 1476 1280 1519 ae

352 1538 436 1617 eipit,
458 1542 490 1596 et
511 1537 556 1597 sie
577 1536 677 1597 minus
693 1536 803 1597 soluta.
826 1538 918 1597 Forte
941 1537 1109 1618 obaudivit,
1130 1540 1286 1636 quoniam

352 1627 415 1681 tam
438 1638 478 1680 ex
499 1618 677 1697 Ambrosio,
699 1639 790 1699 quarn
812 1619 1010 1701 Hieronymo*
1031 1622 1146 1683 adduxi
1167 1642 1279 1684 eorun-

353 1702 425 1765 dem
448 1702 614 1764 verbomm
636 1703 832 1781 sententiam,
854 1702 1105 1767 Johannesenim
1129 1712 1160 1766 et
1169 1705 1281 1769 Petrus

353 1784 472 1847 idiotae
504 1785 626 1847 fuerant
657 1794 688 1846 et
725 1785 953 1866 analphabetioi
985 1789 1016 1865 in
1038 1788 1144 1869 Lege,
1164 1788 1281 1857 Paulus

355 1875 464 1930 eontra
485 1856 604 1929 doetus‘
617 1868 696 1946 fuit,
718 1867 883 1949 profiaiens
906 1880 999 1949 supra
1019 1870 1140 1932 multos
1155 1880 1280 1935 ooaeta·

352 1971 430 2014 neos
452 1970 535 2032 suos,
558 1957 592 2011 nt
612 1951 652 2011 de
673 1970 708 2011 se
729 1957 867 2015 testatur.
890 1951 997 2013 Noluit
1018 1972 1092 2034 ergo
1115 1954 1278 2031 Paulus*)

352 2041 518 2116 reputare,
540 2034 648 2115 quales
670 2034 800 2096 fuissent
821 2035 928 2096 Petrus
951 2042 982 2097 et
1002 2036 1161 2099 lohannes
1173 2083 1184 2117 ,
1204 2040 1280 2117 quia

352 2137 519 2197 personam
540 2118 675 2179 hominis
697 2117 781 2179 Deus
803 2137 866 2179 non
888 2120 1019 2199 aecipit,
1047 2121 1090 2181 ita
1111 2121 1193 2183 enim
1216 2122 1279 2183 ele·

353 2201 399 2281 git
419 2201 617 2280 piscatorem,
639 2201 719 2261 sieut
740 2200 864 2263 doctum
889 2201 1032 2265 seribam.
1056 2202 1116 2269 sed
1137 2222 1195 2285 per
1215 2201 1279 2265 hoe

257 2281 264 2290 ’
351 2284 500 2363 primatus
524 2302 588 2345 non
610 2282 737 2363 tollitur,
758 2284 813 2345 sed
837 2286 976 2365 aaeeptio
1000 2286 1278 2365 personarumDeo

352 2387 415 2429 non
437 2367 618 2448 imputatur,
642 2368 761 2428 etiamsi
785 2388 877 2428 unum
900 2367 987 2454 altep'
1009 2369 1223 2451 praeelegerit,
1246 2379 1280 2432 ut

352 2446 391 2511 de
413 2436 559 2511 Cornelio
580 2450 689 2510 Petrus
711 2451 863 2512 fatebatur
872 2451 941 2526 **):
985 2451 1019 2512 In
1042 2454 1172 2516 veritate
1194 2447 1279 2518 eom-

351 2534 428 2614 peri,
450 2534 523 2612 quia
543 2551 607 2594 non
630 2540 678 2594 est
699 2536 839 2614 aoeeptio
851 2553 1051 2615 personarum
1071 2535 1153 2616 apud
1165 2535 1279 2598 Deum.

258 2622 261 2627 “
352 2612 520 2677 Veniamus
543 2615 582 2677 ad
603 2614 730 2678 inducta
753 2637 808 2698 per
829 2618 1032 2686 reverendum
1053 2618 1186 2683 Patrem.

434 2732 619 2815 Apostolum
650 2737 745 2812 eitat,
779 2738 807 2796 1.
830 2735 967 2814 Corinth.
991 2732 1029 2799 12
1044 2781 1063 2814 ,.
1083 2737 1134 2816 qui
1163 2753 1278 2818 eorpus

350 2819 512 2899 mysticum
541 2817 720 2880 deseribens
755 2816 870 2878 referat
891 2819 1073 2898 apostolos,
1095 2819 1288 2900 prophetes,

351 2900 495 2963 dootores
517 2906 549 2961 et
560 2902 729 2962 novissime
747 2899 1054 2963 administrationem.
1077 2900 1165 2980 Dieo,
1189 2921 1279 2984 egre·

351 2985 403 3064 gie
431 2984 553 3064 quidem
581 2982 758 3064 apostolum
787 2981 1002 3063 descripsisse,
1036 2983 1090 3045 sed
1111 2987 1278 3065 primatum

216 3113 223 3122 ,
352 3067 395 3126 ibi
418 3085 478 3128 neo
493 3075 641 3146 negasse,
662 3083 722 3126 nee
742 3067 921 3144 astruxisse,
942 3067 1117 3128 invalidum·
1134 3075 1182 3128 est
1202 3088 1279 3150 ergo

230 3179 235 3186 ·
354 3155 588 3230 argumentum:
617 3149 676 3209 Hie
695 3148 809 3209 Paulus
836 3149 1011 3233 huiusmodi
1043 3151 1192 3230 primatus
1214 3167 1278 3212 non

323 3233 506 3306 meminit,
534 3251 609 3312 ergo
630 3233 778 3312 primatus
811 3251 873 3292 nou
897 3233 996 3293 estin
1029 3233 1182 3310 eoelesia,
1211 3241 1277 3295 tum

351 3314 436 3392 quod
455 3316 543 3396 pueri
566 3316 667 3378 seiunt
687 3314 791 3378 losum
813 3314 852 3376 ab
862 3315 1027 3378 autoritate
1047 3317 1192 3398 negutive
1212 3329 1300 3380 non*

349 3397 464 3475 valere,
483 3404 546 3458 tum
569 3397 653 3477 quod
670 3398 761 3458 etiam
778 3399 814 3458 ⁴in
837 3417 924 3459 saera
943 3397 1100 3479 Seriptura
1120 3417 1183 3460 uno
1203 3399 1277 3462 loeo

350 3499 413 3541 non
447 3497 643 3560 expressum,
677 3482 763 3541 iuxta
792 3481 957 3560 Augustini
993 3481 1184 3562 doetrinam,
1223 3483 1276 3546 lib.

349 3563 390 3623 de
411 3562 686 3642 doatchristiana,
708 3583 749 3626 ex
771 3563 832 3625 alio
855 3564 926 3626 loeo
948 3566 1047 3645 aeaipi
1069 3561 1172 3644 debet,
1194 3566 1277 3626 siout

350 3663 409 3707 nos
430 3645 569 3708 ieeimus.

386 3938 419 4001 1)
439 3938 471 3992 ln
490 3937 533 3992 ed.
553 3939 624 4006 orig.
653 3940 773 4007 margini
802 3938 847 3990 hie
866 3936 1035 4006 adscriptum
1054 3938 1170 4006 legitur:
1208 3938 1279 4006 Quia

352 4027 449 4065 omnes
468 4025 565 4063 sumus
584 4011 667 4076 caeci,
687 4009 759 4062 dixit
777 4009 874 4062 Eeeius
896 4008 1039 4078 (legend.:
1059 4009 1222 4078 Luiharus).

389 4081 755 4165 offlammm
