3075 4775
355 529 421 617 lbi
443 581 447 589 ·
613 515 772 626 bisputetto
789 548 899 618 Lipsiae
916 548 1013 603 habita
1031 554 1055 600 a.
1075 546 1136 602 xlx

349 732 468 805 bannis
482 760 546 802 non
561 739 699 823 legerim,
720 738 850 820 insignis
872 739 1010 819 proleoto
1024 738 1190 815 temeritas,
1214 756 1286 800 aum

356 844 433 907 puer
453 822 590 885 nondum
613 823 775 900 decennis,
801 822 934 903 demptis
960 820 1129 915 prophetis,
1159 820 1284 883 bibliam

356 913 454 971 lolam
475 908 615 989 legerim,
638 907 693 968 sed
714 907 775 967 hoe
795 905 870 966 nihil
891 904 1021 984 adrem,
1044 912 1191 985 quantum
1204 906 1284 985 quis-

378 1011 418 1053 ue
439 991 468 1051 le
510 988 563 1052 rit.¹
684 1046 689 1050 .
1116 1032 1120 1047 ,

357 1010 377 1072 q
440 1010 511 1135 [ἐξ
541 1074 724 1135 Anaoletum
756 1070 951 1133 defendendo
980 1090 1044 1132 non
1071 1090 1168 1151 usque
1202 1071 1284 1131 adeo

357 1158 500 1219 insultam
534 1158 630 1218 luisse
658 1156 944 1237 interpretationem
967 1154 1048 1232 eius,
1082 1154 1224 1235 Oephns,
1253 1154 1283 1214 id

290 1252 299 1278 s
358 1248 414 1317 est,
438 1248 546 1323 eaput,
570 1240 665 1302 noni
709 1258 813 1315 orans,
837 1237 919 1317 quod
943 1236 1080 1318 Kephale
1102 1256 1213 1318 greeae
1236 1239 1294 1297 ‹sss-v

356 1332 413 1405 pnt
435 1319 598 1405 signifieat,
621 1342 656 1383 se
699 1324 771 1402 qnia
794 1320 877 1402 apud
898 1320 1083 1403 iohannem,
1105 1339 1195 1400 quem
1219 1321 1285 1381 heri

357 1406 439 1486 vidi,
469 1406 551 1487 apud
574 1407 799 1487 Augustinum,
831 1411 863 1467 et
891 1404 1028 1485 glossam
1051 1404 1146 1467 ordi-n.
1176 1404 1285 1485 Gephe

357 1493 576 1571 interpretatur
596 1489 726 1566 Petrus,
748 1489 854 1548 Petrus
877 1495 996 1560 autem,
1019 1486 1142 1548 cusano
1164 1495 1285 1569 autore,

217 1579 220 1587 '
338 1566 451 1635 ‘etiam
473 1567 626 1653 signifieat
647 1579 739 1653 eaput
760 1568 887 1649 domus,
910 1590 989 1649 quae
1010 1572 1115 1632 omnia
1135 1572 1167 1632 in
1188 1572 1284 1633 risum

358 1656 452 1717 trudit
471 1654 665 1717 reverendus·
680 1655 789 1732 Pater,
812 1652 852 1713 de
868 1670 938 1731 -quo
961 1652 1100 1715 iudioent
1121 1653 1284 1741 ordinandi

358 1738 484 1800 iudioes.
752 1784 756 1793 s
816 1746 821 1765 ⁴
860 1782 865 1787 -
1381 1746 1382 1749 ’

440 1821 483 1881 At
501 1820 576 1883 illud
599 1810 815 1901 praestantius,
839 1818 922 1899 quod
944 1822 1162 1895 autoritatem,
1185 1820 1285 1881 Pasoe

347 1924 434 1966 oves
459 1904 501 1983 ¹3,
523 1905 616 1965 tantis
638 1902 819 1984 ambagibus
840 1902 986 1981 involvit,
1009 1894 1110 1964 solum
1133 1912 1166 1963 ut
1185 1902 1285 1969 homi-

278 2005 280 2009 ’
358 2008 413 2049 nes
436 1987 576 2049 videntes
598 1987 693 2049 faeiat
712 2005 776 2047 non
797 1985 914 2063 videre,
938 1986 1036 2063 mitto,
1058 1985 1141 2065 quod
1162 1994 1225 2047 tam
1248 1989 1284 2047 ri-

361 2069 494 2132 dleulam
518 2070 620 2132 attulit
641 2070 869 2150 expositionem
902 2088 921 2129 a
948 2067 1116 2132 sellatum.
1160 2067 1222 2129 Sed
1245 2070 1285 2129 ad

359 2154 453 2215 alium
476 2154 542 2214 eius
563 2172 686 2213 sensum
708 2153 847 2227 veniam,
869 2151 921 2211 ubi
943 2150 1040 2212 multa
1061 2152 1148 2230 dixit,
1171 2159 1203 2212 at
1225 2173 1285 2234 ego

360 2256 424 2299 non
446 2235 649 2319 singularitati
672 2234 819 2311 studens,
847 2230 996 2314 quae-'est
1018 2243 1115 2296 mater
1137 2254 1285 2311 errorum,

359 2320 390 2380 8.
411 2320 533 2380 Patru'm
563 2325 685 2379 secutus
713 2319 918 2398 sententiam,
953 2325 984 2378 et
1006 2317 1038 2379 S:
1055 2320 1163 2379 'matris
1186 2320 1285 2380 eoole·
1381 2320 1382 2323 ’

248 2458 252 2466 .
359 2405 424 2464 siae
446 2405 553 2483 aoeepi
573 2402 709 2478 verbum,
730 2402 843 2480 Posce,
866 2400 948 2482 quod
973 2421 1043 2462 eum
1061 2409 1218 2482 pastorem
1241 2404 1284 2464 ibi

359 2487 568 2563 eonstituerit,
597 2494 629 2546 et
653 2487 817 2565 primatum
841 2484 959 2545 dederit
981 2485 1161 2546 universalis
1184 2487 1283 2547 eoole·

357 2568 432 2632 siae.
455 2569 502 2630 lta
522 2567 701 2649 Gregorius,
723 2569 767 2628 ita
790 2567 1030 2648 Obrysostomus
1052 2565 1283 2647 intellexerunt,

358 2653 407 2712 ita‘
421 2651 603 2713 Ambrosius
625 2651 728 2711 linoae
747 2651 811 2712 ulti.
840 2652 904 2712 heti
934 2669 989 2731 per
1011 2670 1060 2710 me
1082 2671 1146 2712 non
1167 2652 1284 2734 allega·

356 2742 415 2796 tus.
439 2732 486 2794 Ad
509 2753 587 2814 quos
608 2729 736 2815 pulddre
757 2733 1024 2814 praetergrediens
1040 2734 1114 2794 nihil
1136 2735 1214 2795 dixit
1237 2755 1282 2796 re·

356 2816 509 2880 verendus
529 2818 638 2893 Patet,
666 2837 779 2877 verum
795 2817 896 2878 attulit
917 2817 948 2891 ²)
973 2816 1137 2898 Augustini
1159 2825 1282 2880 senten·

359 2902 449 2979 dam,
476 2900 647 2962 cuiusmodi
669 2901 782 2960 debeat
805 2919 875 2960 esse
896 2907 1018 2979 pastor,
1054 2919 1146 2980 quem
1167 2908 1199 2961 et
1221 2921 1282 2982 ego

355 2985 501 3063 admitto,
528 2991 560 3043 et
587 2983 679 3043 oredo
707 2981 876 3062 quemlibet
903 2980 1040 3043 fidelium
1064 3002 1166 3059 orare,
1195 2993 1283 3046 utet

355 3086 491 3127 summus
512 3066 661 3148 pontifex,
684 3066 814 3146 quilibet
835 3067 988 3148 princeps,
1010 3065 1139 3145 quilibet
1161 3068 1280 3146 praela·

337 3145 403 3209 'tus
425 3155 593 3228 quaereret
608 3149 758 3210 honorem
781 3148 850 3226 Dei,
872 3155 906 3209 et
923 3147 1283 3227 subditorumtsalutem,

354 3232 437 3310 quod
459 3232 520 3293 hoo
547 3233 587 3293 sit
617 3233 777 3294 verissima
798 3239 943 3312 pastura,
978 3251 1033 3312 per
1060 3251 1170 3312 quam,
1202 3235 1283 3295 siout

353 3313 405 3374 hio
431 3315 641 3394 principantur
661 3315 694 3375 in
716 3315 820 3392 terris,
843 3317 936 3375 etiam
958 3315 1132 3394 eleventur,
1157 3322 1191 3376 ut
1212 3337 1281 3398 reg-

355 3403 431 3458 nent
451 3398 481 3457 in
503 3397 607 3458 ooelis.
630 3396 733 3472 Quare
752 3397 943 3478 Augustinus
965 3417 1029 3459 non
1051 3397 1194 3476 adversa,
1217 3419 1281 3462 non

356 3501 396 3560 pu
418 3482 537 3556 nantia,
565 3481 620 3541 sed
642 3481 716 3542 talia
738 3481 832 3559 dioit,
856 3501 895 3542 ex
924 3481 1032 3568 quibus
1054 3481 1214 3542 Praelatus
1237 3484 1282 3544 in·

355 3500 495 3644 telligere
516 3562 617 3642 debet,
639 3565 739 3663 qualis
761 3583 818 3624 sua
840 3567 880 3624 sit
901 3565 1059 3626 institutio.

434 3645 503 3708 Neo
523 3646 621 3725 velet,
644 3648 727 3726 quod
748 3646 934 3708 reverendus
958 3646 1049 3708 Pater
1070 3646 1200 3708 adduxit
1223 3649 1281 3710 sub

354 3728 531 3790 conditione
545 3730 574 3790 ei
586 3731 768 3792 commissas
783 3747 869 3809 oves,
891 3746 960 3790 oum
983 3730 1068 3790 nulla
1081 3729 1123 3791 ibi
1135 3730 1282 3793 adhibea-

265 4001 270 4015 .
391 3964 423 4033 t]
444 3966 474 4018 ln
493 3963 537 4018 sd.
556 3964 617 4018 len.
637 3971 665 4018 et
683 3966 756 4034 apud
776 3967 910 4022 Laesum:
931 3983 998 4022 oves
1018 3983 1103 4023 meas.
1132 3969 1165 4036 2)
1186 3969 1219 4024 ln
1237 3971 1281 4030 ed.

359 4035 557 4108 orientali.
1240 4079 1243 4086 -
