3075 4775
333 554 395 622 294
564 554 657 610 iteam.
676 555 704 609 L.
723 570 808 625 super
828 554 1021 624 Proposittone

336 760 445 803 mense
466 740 548 803 Maio
571 760 599 803 a.
624 743 705 806 1519
727 740 942 821 composuisse
969 746 1062 821 atque
1084 740 1261 801 confecisse

333 825 453 885 videtur
482 825 787 886 Resolutionem
821 844 943 904 super
975 824 1260 905 propositione

333 928 400 969 sua
422 910 543 969 tertia
565 907 735 986 decima,
768 927 830 988 qua
852 906 935 968 diota
961 928 1018 969 sua
1040 907 1078 968 de
1100 913 1260 988 potestate

332 1010 433 1073 papae
456 991 611 1073 probaret,
633 991 664 1051 id
686 990 769 1071 quod
788 990 871 1051 oerni
884 996 988 1071 potest
1009 1010 1101 1071 quum
1125 1009 1164 1050 ex
1187 1008 1260 1070 pro-

332 1075 451 1150 oemio,
482 1073 564 1155 quod
588 1074 646 1153 „ad
670 1075 852 1135 Leotorem“
872 1074 1037 1154 Lutherus,
1053 1075 1171 1154 primae
1194 1072 1260 1133 edi-

334 1158 409 1220 tioni
444 1158 532 1217 huius
562 1158 843 1219 Resolutionis
883 1177 958 1218 suae
986 1158 1159 1239 praemisit,
1191 1162 1260 1215 turn
1377 1179 1378 1200 i

334 1262 373 1302 ex
395 1240 595 1321 probatione,
618 1260 709 1321 quam
731 1242 761 1301 iu
785 1241 1116 1304 Resolutionibus
1139 1259 1262 1319 super

333 1322 683 1405 propositionibus
722 1326 804 1384 suis
839 1324 999 1404 Lipsiae
1038 1322 1260 1403 disputatis

292 1464 295 1473 ,
332 1410 364 1468 in
401 1409 520 1467 tertiam
551 1407 701 1466 decimam
736 1409 928 1488 conseripsit.
971 1408 1059 1468 Hauo
1092 1404 1260 1467 Resolu-

334 1492 483 1551 tiouem
525 1508 618 1569 super
645 1491 861 1570 propositione
892 1510 948 1551 sua
985 1490 1065 1552 xiil.
1088 1506 1157 1550 aum
1193 1488 1260 1548 iarn

334 1579 406 1635 anta
443 1573 687 1653 Disputationem
725 1574 848 1655 Lipsiae
878 1574 1049 1635 institutam
1081 1575 1112 1633 in
1144 1571 1260 1651 vulgus

333 1656 467 1717 edidisse
484 1662 613 1735 apparet
630 1675 669 1715 ex
686 1657 829 1736 epistola,
851 1657 1005 1737 quamdis
1027 1663 1117 1718 sexto
1140 1656 1260 1716 mensis

332 1740 415 1799 iunii
437 1758 464 1798 a.
489 1740 567 1803 1519
590 1739 630 1799 ad
643 1740 819 1800 iohannem
830 1740 968 1821 Longum
990 1740 1084 1816 dedit,
1107 1738 1158 1799 ubi
1177 1739 1260 1799 haee

333 1823 489 1903 leguntur:
524 1820 604 1883 Edo
627 1824 700 1883 iam
723 1824 984 1903 probationes
1007 1842 1126 1903 super
1153 1821 1260 1882 odio-

333 1906 528 1966 sissimum
552 1907 1045 1986 propositionemtertiam
1067 1905 1259 1966 desimam

333 1993 459 2068 propter
475 1988 636 2064 invidiam,
660 2008 740 2068 quae
756 1990 818 2050 hoo
834 1990 907 2071 agit,
928 2010 968 2051 ne
979 1991 1102 2072 Lipsiae
1113 1988 1261 2049 admittar

333 2071 371 2131 ad
385 2070 633 2151 respondendum
650 2072 890 2153 (deWette1,p.
903 2075 965 2138 282
978 2072 1259 2150 uoltfleidemauu,

333 2153 383 2214 die
404 2152 565 2233 Leipziger
585 2155 703 2235 Disput.
742 2177 773 2236 p.
797 2160 836 2221 37
848 2180 857 2234 3
891 2156 1012 2219 Waioh.
1034 2155 1202 2218 lutroduat.
1224 2156 1258 2215 iu

334 2246 493 2379 {simlopp
510 2237 724 2383 Luth.7XVIII,
748 2242 805 2318 633
827 2240 1027 2304 Seokendort.
1040 2241 1153 2301 Histor.
1166 2239 1257 2301 Luth.

346 2322 384 2379 i.
444 2322 523 2393 §52
547 2340 576 2400 p.
619 2323 668 2396 0).

351 2417 353 2422 ·
418 2402 458 2463 Fit
479 2403 559 2464 hano
581 2405 815 2466 Resolutionem
850 2416 880 2468 et
900 2410 1035 2488 reliquas
1057 2406 1258 2468 tumultuario

336 2487 464 2567 negotio
477 2487 575 2547 editas
597 2495 709 2567 postea
722 2489 778 2550 sub
793 2490 935 2552 incudem
957 2498 1120 2552 revocatas
1142 2508 1258 2567 augere

334 2570 383 2630 vel
407 2569 572 2630 emendare
603 2571 714 2632 saltem
738 2575 914 2654 constituit,
949 2582 984 2635 ut
1012 2574 1154 2655 digniore
1176 2573 1259 2633 tacis
1296 2576 1302 2580 ’

334 2655 364 2712 in
388 2651 543 2732 publioum
556 2655 661 2714 venire
677 2662 815 2735 possent.
859 2657 997 2739 Contigit
1017 2658 1078 2718 hoo
1100 2675 1170 2716 oum
1193 2674 1258 2717 orn-

334 2736 422 2796 nibus
437 2735 689 2798 Resolutionibus
711 2739 742 2796 in
757 2739 905 2800 tredecim
920 2741 1151 2822 propositiones
1175 2758 1258 2800 oom-

333 2820 457 2900 positis,
487 2821 661 2897 quostiam
686 2821 798 2881 tastum
822 2829 888 2900 est,
921 2831 956 2885 ut
977 2827 1045 2905 ipso
1068 2842 1152 2883 anno
1178 2825 1260 2888 1520

333 2902 454 2982 Lipsiae
481 2903 562 2983 apud
588 2903 787 2964 Meiohiorem
810 2907 988 2968 Lottherum
1017 2905 1258 2986 „Resolutiones

333 2985 537 3046 Lutherianaa
556 3005 648 3065 super
659 2989 923 3066 propositionibus
937 2993 998 3051 suis
1011 2990 1134 3071 Lipsiae
1156 2988 1258 3070 dispu-

334 3075 416 3128 tatae
439 3068 699 3129 emendatae“
721 3071 752 3129 in
775 3071 875 3133 tuoern
897 3073 1065 3153 prodirent,
1088 3079 1151 3133 turn
1170 3091 1257 3152 prae

334 3153 437 3211 sertim
459 3151 651 3212 Resolutioni
679 3171 771 3232 super
791 3158 1005 3238 propositione
1025 3158 1116 3216 tertia
1137 3155 1259 3216 deoima

334 3235 535 3314 compositae.
564 3235 642 3296 Huio
663 3237 743 3296 enim
762 3241 914 3318 prooemii
930 3239 1106 3317 illiusiooo,
1129 3238 1257 3317 quadiu

333 3319 431 3398 prima
443 3317 653 3378 Resolutionis
665 3319 801 3381 editione
822 3323 1075 3401 „adLeotorem“
1098 3321 1258 3383 eonditum

334 3399 508 3480 legebatur,
537 3401 760 3480 praefationem
783 3408 955 3484 praemisit,
986 3425 1046 3486 qua
1067 3405 1106 3466 de
1129 3405 1259 3466 Resolu-

334 3481 466 3542 tionibus
499 3485 561 3543 suis
579 3485 728 3565 augendis
763 3489 812 3548 vet
844 3489 1045 3549 emendandis
1076 3490 1256 3571 agitatque

334 3565 394 3624 stili
429 3567 473 3624 sui
511 3569 689 3628 varietatem
722 3568 908 3651 linguaeque
941 3573 1084 3634 duritiem
1115 3578 1256 3633 exousat

315 3648 421 3724 *Quas
444 3657 545 3708 tamen
569 3651 717 3730 praefatio
741 3673 834 3733 quum
863 3657 894 3715 iu
927 3657 1147 3736 antiquissimis
1170 3654 1258 3715 edit-i·

334 3731 443 3791 onibus
467 3733 525 3791 nisi
547 3733 805 3798 Resolutioni
826 3757 943 3818 super
965 3739 1259 3820 propositione

335 3809 413 3875 X111.
438 3817 605 3894 praemissa
627 3837 690 3878 non
712 3822 903 3901 inveniatur,
934 3821 1101 3883 verisimile
1121 3827 1181 3898 est,
1204 3821 1259 3881 Lu-

336 3898 453 3956 therum
471 3897 551 3956 hano
563 3899 795 3963 Resolutionem
809 3905 938 3984 primam
961 3892 1156 3981 emendasse,
1179 3923 1259 3965 eam-

263 4048 266 4059 ,
336 3999 395 4058 que
417 3979 612 4039 emendatam
636 3983 784 4047 iu'lnosm
802 3987 954 4067 prodiisse
965 3988 1070 4068 paullo
1092 3993 1258 4068 postquam

334 4063 400 4140 ipse
422 4061 640 4164 Resolutioues
684 4087 777 4148 super
810 4070 1075 4151 propositionibus
1109 4069 1258 4133 naisum
