<?xml version="1.0" encoding="UTF-8"?>
<!DOCTYPE html PUBLIC "-//W3C//DTD XHTML 1.0 Transitional//EN"
    "http://www.w3.org/TR/xhtml1/DTD/xhtml1-transitional.dtd">
<html xmlns="http://www.w3.org/1999/xhtml" xml:lang="en" lang="en">
 <head>
  <title>
</title>
<meta http-equiv="Content-Type" content="text/html;charset=utf-8" />
  <meta name='ocr-system' content='tesseract 3.04.00' />
  <meta name='ocr-capabilities' content='ocr_page ocr_carea ocr_par ocr_line ocrx_word'/>
</head>
<body>
  <div class='ocr_page' id='page_1' title='image "./operalatinavari02schmgoog_0481.png"; bbox 0 0 3075 4775; ppageno 0'>
   <div class='ocr_carea' id='block_1_1' title="bbox 458 536 1211 616">
    <p class='ocr_par' dir='ltr' id='par_1_1' title="bbox 458 536 1211 616">
     <span class='ocr_line' id='line_1_1' title="bbox 458 536 1211 616; baseline -0.001 -16"><span class='ocrx_word' id='word_1_1' title='bbox 458 544 719 616; x_wconf 66' lang='lat' dir='ltr'><strong>spanienses</strong></span> <span class='ocrx_word' id='word_1_2' title='bbox 747 545 783 601; x_wconf 86' lang='lat' dir='ltr'><strong>ad</strong></span> <span class='ocrx_word' id='word_1_3' title='bbox 801 543 863 602; x_wconf 68' lang='lat' dir='ltr'><strong>Joe.</strong></span> <span class='ocrx_word' id='word_1_4' title='bbox 881 543 1076 600; x_wconf 79' lang='lat' dir='ltr'><strong>Moehstraten.</strong></span> <span class='ocrx_word' id='word_1_5' title='bbox 1148 536 1211 608; x_wconf 56' lang='lat'><strong>425</strong></span> 
     </span>
    </p>
   </div>
   <div class='ocr_carea' id='block_1_2' title="bbox 291 730 1225 3311">
    <p class='ocr_par' dir='ltr' id='par_1_2' title="bbox 292 730 1225 1064">
     <span class='ocr_line' id='line_1_2' title="bbox 292 730 1212 813; baseline -0.004 -19"><span class='ocrx_word' id='word_1_6' title='bbox 292 733 452 813; x_wconf 76' lang='lat' dir='ltr'><strong>extemplo</strong></span> <span class='ocrx_word' id='word_1_7' title='bbox 474 732 696 794; x_wconf 79' lang='lat' dir='ltr'><strong>Melanohthon</strong></span> <span class='ocrx_word' id='word_1_8' title='bbox 725 730 836 794; x_wconf 86' lang='lat' dir='ltr'><strong>codam</strong></span> <span class='ocrx_word' id='word_1_9' title='bbox 863 749 971 792; x_wconf 87' lang='lat' dir='ltr'><strong>mense</strong></span> <span class='ocrx_word' id='word_1_10' title='bbox 999 747 1089 790; x_wconf 87' lang='lat' dir='ltr'><strong>auum</strong></span> <span class='ocrx_word' id='word_1_11' title='bbox 1116 747 1212 809; x_wconf 86' lang='lat' dir='ltr'><strong>oppo-</strong></span> 
     </span>
     <span class='ocr_line' id='line_1_3' title="bbox 293 812 1225 896; baseline -0.006 -19"><span class='ocrx_word' id='word_1_12' title='bbox 293 819 354 877; x_wconf 82' lang='lat' dir='ltr'><strong>suit</strong></span> <span class='ocrx_word' id='word_1_13' title='bbox 398 817 545 895; x_wconf 88' lang='lat' dir='ltr'><strong>scriptum</strong></span> <span class='ocrx_word' id='word_1_14' title='bbox 584 817 863 896; x_wconf 83' lang='lat' dir='ltr'><strong>elegantissimum:</strong></span> <span class='ocrx_word' id='word_1_15' title='bbox 899 812 1225 884; x_wconf 68' lang='lat' dir='ltr'><strong>DefensioPhi-¹</strong></span> 
     </span>
     <span class='ocr_line' id='line_1_4' title="bbox 292 897 1212 981; baseline -0.003 -21"><span class='ocrx_word' id='word_1_16' title='bbox 292 902 395 981; x_wconf 86' lang='lat' dir='ltr'><strong>lippi</strong></span> <span class='ocrx_word' id='word_1_17' title='bbox 434 899 754 960; x_wconf 86' lang='lat' dir='ltr'><strong>Melanehthonis</strong></span> <span class='ocrx_word' id='word_1_18' title='bbox 809 905 946 960; x_wconf 87' lang='lat' dir='ltr'><strong>eontra</strong></span> <span class='ocrx_word' id='word_1_19' title='bbox 996 897 1212 958; x_wconf 78' lang='lat' dir='ltr'><strong>Iohannem</strong></span> 
     </span>
     <span class='ocr_line' id='line_1_5' title="bbox 292 982 1040 1064; baseline -0.005 -20"><span class='ocrx_word' id='word_1_20' title='bbox 292 985 450 1044; x_wconf 82' lang='lat' dir='ltr'><strong>Mecium</strong></span> <span class='ocrx_word' id='word_1_21' title='bbox 473 983 733 1064; x_wconf 84' lang='lat' dir='ltr'><strong>Theologias</strong></span> <span class='ocrx_word' id='word_1_22' title='bbox 752 982 1040 1056; x_wconf 79' lang='lat' dir='ltr'><strong>Professorem.</strong></span> 
     </span>
    </p>

    <p class='ocr_par' dir='ltr' id='par_1_3' title="bbox 291 1063 1215 1648">
     <span class='ocr_line' id='line_1_6' title="bbox 375 1063 1215 1146; baseline -0.002 -20"><span class='ocrx_word' id='word_1_23' title='bbox 375 1066 548 1146; x_wconf 84' lang='lat' dir='ltr'><strong>Epistolam</strong></span> <span class='ocrx_word' id='word_1_24' title='bbox 571 1066 656 1126; x_wconf 77' lang='lat' dir='ltr'><strong>Mocii</strong></span> <span class='ocrx_word' id='word_1_25' title='bbox 678 1065 717 1127; x_wconf 90' lang='lat' dir='ltr'><strong>ad</strong></span> <span class='ocrx_word' id='word_1_26' title='bbox 741 1067 802 1126; x_wconf 88' lang='lat' dir='ltr'><strong>lac.</strong></span> <span class='ocrx_word' id='word_1_27' title='bbox 823 1064 1028 1126; x_wconf 87' lang='lat' dir='ltr'><strong>Hochstraten</strong></span> <span class='ocrx_word' id='word_1_28' title='bbox 1057 1063 1160 1124; x_wconf 90' lang='lat' dir='ltr'><strong>datam</strong></span> <span class='ocrx_word' id='word_1_29' title='bbox 1184 1069 1215 1124; x_wconf 89' lang='lat' dir='ltr'><strong>et</strong></span> 
     </span>
     <span class='ocr_line' id='line_1_7' title="bbox 292 1147 1214 1296; baseline -0.008 -84"><span class='ocrx_word' id='word_1_30' title='bbox 292 1152 457 1296; x_wconf 51' lang='lat' dir='ltr'><strong>epgpitsglam</strong></span> <span class='ocrx_word' id='word_1_31' title='bbox 472 1149 720 1295; x_wconf 58' lang='lat' dir='ltr'><strong>Malancpthopis</strong></span> <span class='ocrx_word' id='word_1_32' title='bbox 740 1147 1071 1293; x_wconf 44' lang='lat' dir='ltr'><strong>“d-Ogmlanflphiiufn</strong></span> <span class='ocrx_word' id='word_1_33' title='bbox 1090 1148 1214 1296; x_wconf 62' lang='lat' dir='ltr'><strong>mipgppp</strong></span> 
     </span>
     <span class='ocr_line' id='line_1_8' title="bbox 291 1242 1215 1399; baseline -0.008 -19"><span class='ocrx_word' id='word_1_34' title='bbox 291 1255 343 1380; x_wconf 72' lang='lat' dir='ltr'><strong>a</strong></span> <span class='ocrx_word' id='word_1_35' title='bbox 364 1242 660 1399; x_wconf 56' lang='lat' dir='ltr'><strong>illitati.</strong></span> <span class='ocrx_word' id='word_1_36' title='bbox 683 1252 834 1398; x_wconf 48' lang='lat' dir='ltr'><strong>atti</strong></span> <span class='ocrx_word' id='word_1_37' title='bbox 848 1253 899 1391; x_wconf 72' lang='lat' dir='ltr'><strong>lis</strong></span> <span class='ocrx_word' id='word_1_38' title='bbox 933 1253 970 1375; x_wconf 71' lang='lat' dir='ltr'><strong>il</strong></span> <span class='ocrx_word' id='word_1_39' title='bbox 989 1251 1215 1378; x_wconf 59' lang='lat' dir='ltr'><strong>illices</strong></span> 
     </span>
     <span class='ocr_line' id='line_1_9' title="bbox 291 1399 1215 1482; baseline -0.006 -20"><span class='ocrx_word' id='word_1_40' title='bbox 291 1402 377 1482; x_wconf 83' lang='lat' dir='ltr'><strong>berg.</strong></span> <span class='ocrx_word' id='word_1_41' title='bbox 399 1400 459 1462; x_wconf 88' lang='lat' dir='ltr'><strong>hae</strong></span> <span class='ocrx_word' id='word_1_42' title='bbox 481 1401 633 1480; x_wconf 87' lang='lat' dir='ltr'><strong>epistolae</strong></span> <span class='ocrx_word' id='word_1_43' title='bbox 654 1405 687 1460; x_wconf 84' lang='lat' dir='ltr'><strong>et</strong></span> <span class='ocrx_word' id='word_1_44' title='bbox 707 1399 826 1480; x_wconf 89' lang='lat' dir='ltr'><strong>reliqna</strong></span> <span class='ocrx_word' id='word_1_45' title='bbox 840 1418 919 1479; x_wconf 89' lang='lat' dir='ltr'><strong>quae</strong></span> <span class='ocrx_word' id='word_1_46' title='bbox 941 1403 1110 1478; x_wconf 86' lang='lat' dir='ltr'><strong>sequuntur</strong></span> <span class='ocrx_word' id='word_1_47' title='bbox 1132 1399 1215 1458; x_wconf 87' lang='lat' dir='ltr'><strong>inve-</strong></span> 
     </span>
     <span class='ocr_line' id='line_1_10' title="bbox 292 1482 1212 1564; baseline -0.005 -19"><span class='ocrx_word' id='word_1_48' title='bbox 292 1487 417 1545; x_wconf 90' lang='lat' dir='ltr'><strong>niuntur</strong></span> <span class='ocrx_word' id='word_1_49' title='bbox 447 1483 482 1545; x_wconf 86' lang='grc' dir='ltr'><strong>Τ.</strong></span> <span class='ocrx_word' id='word_1_50' title='bbox 510 1483 532 1544; x_wconf 92' lang='grc' dir='ltr'><strong>Ι.</strong></span> <span class='ocrx_word' id='word_1_51' title='bbox 578 1486 663 1548; x_wconf 79' lang='grc'><strong>,335</strong></span> <span class='ocrx_word' id='word_1_52' title='bbox 686 1502 772 1562; x_wconf 61' lang='lat' dir='ltr'><strong>sqq„</strong></span> <span class='ocrx_word' id='word_1_53' title='bbox 805 1483 981 1564; x_wconf 80' lang='lat' dir='ltr'><strong>germanice</strong></span> <span class='ocrx_word' id='word_1_54' title='bbox 1011 1482 1155 1562; x_wconf 84' lang='lat' dir='ltr'><strong>leguntur</strong></span> <span class='ocrx_word' id='word_1_55' title='bbox 1181 1483 1212 1540; x_wconf 94' lang='lat' dir='ltr'><strong>in</strong></span> 
     </span>
     <span class='ocr_line' id='line_1_11' title="bbox 292 1504 1130 1648; baseline 0.001 -21"><span class='ocrx_word' id='word_1_56' title='bbox 292 1568 428 1628; x_wconf 86' lang='lat' dir='ltr'><strong>Walehii</strong></span> <span class='ocrx_word' id='word_1_57' title='bbox 450 1566 522 1626; x_wconf 88' lang='lat' dir='ltr'><strong>edit.</strong></span> <span class='ocrx_word' id='word_1_58' title='bbox 545 1504 625 1647; x_wconf 60' lang='lat' dir='ltr'><strong>(lpp.</strong></span> <span class='ocrx_word' id='word_1_59' title='bbox 648 1565 736 1631; x_wconf 83' lang='lat' dir='ltr'><strong>Luth.</strong></span> <span class='ocrx_word' id='word_1_60' title='bbox 758 1567 793 1626; x_wconf 84' lang='lat' dir='ltr'><strong>T.</strong></span> <span class='ocrx_word' id='word_1_61' title='bbox 816 1565 883 1644; x_wconf 82' lang='lat' dir='ltr'><strong>XV,</strong></span> <span class='ocrx_word' id='word_1_62' title='bbox 905 1587 935 1648; x_wconf 92' lang='lat' dir='ltr'><strong>p.</strong></span> <span class='ocrx_word' id='word_1_63' title='bbox 959 1567 1039 1630; x_wconf 79' lang='lat'>1443</span> <span class='ocrx_word' id='word_1_64' title='bbox 1062 1583 1130 1645; x_wconf 88' lang='lat' dir='ltr'><strong>sqq.</strong></span> 
     </span>
    </p>

    <p class='ocr_par' dir='ltr' id='par_1_4' title="bbox 293 1647 1215 1814">
     <span class='ocr_line' id='line_1_12' title="bbox 375 1647 1215 1729; baseline -0.002 -19"><span class='ocrx_word' id='word_1_65' title='bbox 375 1651 508 1710; x_wconf 83' lang='lat' dir='ltr'><strong>Textnm</strong></span> <span class='ocrx_word' id='word_1_66' title='bbox 533 1649 761 1711; x_wconf 80' lang='lat' dir='ltr'><strong>Excusationis</strong></span> <span class='ocrx_word' id='word_1_67' title='bbox 775 1647 930 1710; x_wconf 79' lang='lat' dir='ltr'><strong>Ecoianae</strong></span> <span class='ocrx_word' id='word_1_68' title='bbox 952 1649 1152 1729; x_wconf 87' lang='lat' dir='ltr'><strong>repetivimus</strong></span> <span class='ocrx_word' id='word_1_69' title='bbox 1176 1667 1215 1708; x_wconf 86' lang='lat' dir='ltr'><strong>ex</strong></span> 
     </span>
     <span class='ocr_line' id='line_1_13' title="bbox 293 1732 1134 1814; baseline -0.005 -18"><span class='ocrx_word' id='word_1_70' title='bbox 293 1735 435 1796; x_wconf 81' lang='lat' dir='ltr'><strong>editione</strong></span> <span class='ocrx_word' id='word_1_71' title='bbox 455 1733 610 1814; x_wconf 73' lang='lat' dir='ltr'><strong>principe,</strong></span> <span class='ocrx_word' id='word_1_72' title='bbox 633 1752 713 1812; x_wconf 86' lang='lat' dir='ltr'><strong>quae</strong></span> <span class='ocrx_word' id='word_1_73' title='bbox 734 1733 849 1814; x_wconf 90' lang='lat' dir='ltr'><strong>prodiit</strong></span> <span class='ocrx_word' id='word_1_74' title='bbox 871 1733 926 1794; x_wconf 90' lang='lat' dir='ltr'><strong>snb</strong></span> <span class='ocrx_word' id='word_1_75' title='bbox 949 1733 1009 1794; x_wconf 87' lang='lat' dir='ltr'><strong>hoe</strong></span> <span class='ocrx_word' id='word_1_76' title='bbox 1030 1732 1134 1794; x_wconf 88' lang='lat' dir='ltr'><strong>titulo:</strong></span> 
     </span>
    </p>

    <p class='ocr_par' dir='ltr' id='par_1_5' title="bbox 332 1814 1218 2481">
     <span class='ocr_line' id='line_1_14' title="bbox 333 1814 1216 1896; baseline -0.005 -18"><span class='ocrx_word' id='word_1_77' title='bbox 333 1817 550 1880; x_wconf 81' lang='lat' dir='ltr'><strong>Mxonsatio</strong></span> <span class='ocrx_word' id='word_1_78' title='bbox 577 1815 689 1876; x_wconf 80' lang='lat' dir='ltr'><strong>Echii</strong></span> <span class='ocrx_word' id='word_1_79' title='bbox 722 1816 768 1876; x_wconf 88' lang='lat' dir='ltr'><strong>ad</strong></span> <span class='ocrx_word' id='word_1_80' title='bbox 802 1836 846 1876; x_wconf 88' lang='lat' dir='ltr'><strong>ea</strong></span> <span class='ocrx_word' id='word_1_81' title='bbox 875 1835 975 1896; x_wconf 85' lang='lat' dir='ltr'><strong>quae</strong></span> <span class='ocrx_word' id='word_1_82' title='bbox 1002 1815 1108 1876; x_wconf 86' lang='lat' dir='ltr'><strong>falso</strong></span> <span class='ocrx_word' id='word_1_83' title='bbox 1140 1814 1216 1875; x_wconf 84' lang='lat' dir='ltr'><strong>sibi</strong></span> 
     </span>
     <span class='ocr_line' id='line_1_15' title="bbox 333 1899 1216 1981; baseline 0 -21"><span class='ocrx_word' id='word_1_84' title='bbox 333 1901 539 1981; x_wconf 87' lang='lat' dir='ltr'><strong>philippus</strong></span> <span class='ocrx_word' id='word_1_85' title='bbox 590 1899 877 1960; x_wconf 85' lang='lat' dir='ltr'><strong>Melanohthon</strong></span> <span class='ocrx_word' id='word_1_86' title='bbox 932 1900 1216 1979; x_wconf 85' lang='lat' dir='ltr'><strong>grammaticus</strong></span> 
     </span>
     <span class='ocr_line' id='line_1_16' title="bbox 334 1981 1216 2064; baseline -0.001 -21"><span class='ocrx_word' id='word_1_87' title='bbox 334 1982 661 2064; x_wconf 58' lang='lat' dir='ltr'><strong>Vuittenbergen·</strong></span> <span class='ocrx_word' id='word_1_88' title='bbox 691 2001 807 2061; x_wconf 88' lang='lat' dir='ltr'><strong>snper</strong></span> <span class='ocrx_word' id='word_1_89' title='bbox 827 1981 1072 2059; x_wconf 85' lang='lat' dir='ltr'><strong>Theologioa</strong></span> <span class='ocrx_word' id='word_1_90' title='bbox 1095 1981 1216 2062; x_wconf 92' lang='lat' dir='ltr'><strong>dispu-</strong></span> 
     </span>
     <span class='ocr_line' id='line_1_17' title="bbox 332 2063 1217 2146; baseline -0.002 -18"><span class='ocrx_word' id='word_1_91' title='bbox 332 2069 489 2128; x_wconf 75' lang='lat' dir='ltr'><strong>tatione</strong></span> <span class='ocrx_word' id='word_1_92' title='bbox 517 2065 675 2146; x_wconf 87' lang='lat' dir='ltr'><strong>Lipsioa</strong></span> <span class='ocrx_word' id='word_1_93' title='bbox 702 2065 931 2145; x_wconf 87' lang='lat' dir='ltr'><strong>adscripsit.</strong></span> <span class='ocrx_word' id='word_1_94' title='bbox 973 2063 1065 2126; x_wconf 81' lang='lat' dir='ltr'><strong>Tituli</strong></span> <span class='ocrx_word' id='word_1_95' title='bbox 1103 2065 1217 2146; x_wconf 84' lang='lat' dir='ltr'><strong>pagina</strong></span> 
     </span>
     <span class='ocr_line' id='line_1_18' title="bbox 334 2149 1218 2230; baseline -0.003 -18"><span class='ocrx_word' id='word_1_96' title='bbox 334 2170 393 2212; x_wconf 91' lang='lat' dir='ltr'><strong>neo</strong></span> <span class='ocrx_word' id='word_1_97' title='bbox 414 2170 528 2210; x_wconf 91' lang='lat' dir='ltr'><strong>annum</strong></span> <span class='ocrx_word' id='word_1_98' title='bbox 557 2167 615 2209; x_wconf 90' lang='lat' dir='ltr'><strong>nec</strong></span> <span class='ocrx_word' id='word_1_99' title='bbox 636 2149 756 2228; x_wconf 85' lang='lat' dir='ltr'><strong>locum,</strong></span> <span class='ocrx_word' id='word_1_100' title='bbox 791 2167 852 2230; x_wconf 90' lang='lat' dir='ltr'><strong>quo</strong></span> <span class='ocrx_word' id='word_1_101' title='bbox 881 2149 1002 2210; x_wconf 87' lang='lat' dir='ltr'><strong>libellus</strong></span> <span class='ocrx_word' id='word_1_102' title='bbox 1032 2149 1132 2209; x_wconf 89' lang='lat' dir='ltr'><strong>editus</strong></span> <span class='ocrx_word' id='word_1_103' title='bbox 1162 2155 1218 2226; x_wconf 81' lang='lat' dir='ltr'><strong>est,</strong></span> 
     </span>
     <span class='ocr_line' id='line_1_19' title="bbox 333 2231 1217 2316; baseline 0 -22"><span class='ocrx_word' id='word_1_104' title='bbox 333 2233 460 2311; x_wconf 86' lang='lat' dir='ltr'><strong>indicat,</strong></span> <span class='ocrx_word' id='word_1_105' title='bbox 482 2233 578 2313; x_wconf 83' lang='lat' dir='ltr'><strong>signia</strong></span> <span class='ocrx_word' id='word_1_106' title='bbox 595 2239 698 2294; x_wconf 90' lang='lat' dir='ltr'><strong>autem</strong></span> <span class='ocrx_word' id='word_1_107' title='bbox 720 2231 953 2316; x_wconf 78' lang='lat' dir='ltr'><strong>typographicis</strong></span> <span class='ocrx_word' id='word_1_108' title='bbox 977 2239 1086 2294; x_wconf 87' lang='lat' dir='ltr'><strong>ornata</strong></span> <span class='ocrx_word' id='word_1_109' title='bbox 1109 2243 1164 2310; x_wconf 75' lang='lat' dir='ltr'><strong>est,</strong></span> <span class='ocrx_word' id='word_1_110' title='bbox 1186 2233 1217 2294; x_wconf 92' lang='lat' dir='ltr'><strong>in</strong></span> 
     </span>
     <span class='ocr_line' id='line_1_20' title="bbox 334 2313 1218 2397; baseline -0.001 -21"><span class='ocrx_word' id='word_1_111' title='bbox 334 2316 442 2397; x_wconf 89' lang='lat' dir='ltr'><strong>quibus</strong></span> <span class='ocrx_word' id='word_1_112' title='bbox 479 2315 600 2397; x_wconf 84' lang='lat' dir='ltr'><strong>insigne</strong></span> <span class='ocrx_word' id='word_1_113' title='bbox 634 2316 717 2376; x_wconf 89' lang='lat' dir='ltr'><strong>urhis</strong></span> <span class='ocrx_word' id='word_1_114' title='bbox 744 2315 868 2397; x_wconf 83' lang='lat' dir='ltr'><strong>Lipsiae</strong></span> <span class='ocrx_word' id='word_1_115' title='bbox 907 2317 1050 2378; x_wconf 86' lang='lat' dir='ltr'><strong>cernitur.</strong></span> <span class='ocrx_word' id='word_1_116' title='bbox 1092 2315 1128 2376; x_wconf 90' lang='lat' dir='ltr'><strong>In</strong></span> <span class='ocrx_word' id='word_1_117' title='bbox 1156 2313 1218 2376; x_wconf 88' lang='lat' dir='ltr'><strong>line</strong></span> 
     </span>
     <span class='ocr_line' id='line_1_21' title="bbox 334 2398 857 2481; baseline -0.002 -20"><span class='ocrx_word' id='word_1_118' title='bbox 334 2400 459 2481; x_wconf 89' lang='lat' dir='ltr'><strong>legitur:</strong></span> <span class='ocrx_word' id='word_1_119' title='bbox 503 2398 593 2460; x_wconf 78' lang='lat' dir='ltr'><strong>(ium</strong></span> <span class='ocrx_word' id='word_1_120' title='bbox 622 2400 857 2481; x_wconf 87' lang='lat' dir='ltr'><strong>Privilegio.</strong></span> 
     </span>
    </p>

    <p class='ocr_par' dir='ltr' id='par_1_6' title="bbox 292 2480 1218 2729">
     <span class='ocr_line' id='line_1_22' title="bbox 377 2480 1218 2545; baseline -0.002 -2"><span class='ocrx_word' id='word_1_121' title='bbox 377 2482 524 2545; x_wconf 82' lang='lat' dir='ltr'><strong>Defensio</strong></span> <span class='ocrx_word' id='word_1_122' title='bbox 553 2482 629 2545; x_wconf 78' lang='lat' dir='ltr'><strong>Phil,</strong></span> <span class='ocrx_word' id='word_1_123' title='bbox 661 2480 911 2543; x_wconf 88' lang='lat' dir='ltr'><strong>Melanohthonis</strong></span> <span class='ocrx_word' id='word_1_124' title='bbox 944 2482 1065 2543; x_wconf 90' lang='lat' dir='ltr'><strong>reddita</strong></span> <span class='ocrx_word' id='word_1_125' title='bbox 1093 2489 1141 2543; x_wconf 89' lang='lat' dir='ltr'><strong>est</strong></span> <span class='ocrx_word' id='word_1_126' title='bbox 1179 2502 1218 2543; x_wconf 86' lang='lat' dir='ltr'><strong>cx</strong></span> 
     </span>
     <span class='ocr_line' id='line_1_23' title="bbox 294 2564 1216 2645; baseline -0.002 -17"><span class='ocrx_word' id='word_1_127' title='bbox 294 2566 431 2629; x_wconf 83' lang='lat' dir='ltr'><strong>editione</strong></span> <span class='ocrx_word' id='word_1_128' title='bbox 455 2566 613 2645; x_wconf 80' lang='lat' dir='ltr'><strong>originali,</strong></span> <span class='ocrx_word' id='word_1_129' title='bbox 648 2584 727 2645; x_wconf 89' lang='lat' dir='ltr'><strong>quae</strong></span> <span class='ocrx_word' id='word_1_130' title='bbox 749 2585 832 2627; x_wconf 85' lang='lat' dir='ltr'><strong>anno</strong></span> <span class='ocrx_word' id='word_1_131' title='bbox 856 2566 936 2629; x_wconf 82' lang='grc'>1519</span> <span class='ocrx_word' id='word_1_132' title='bbox 961 2564 1016 2626; x_wconf 88' lang='lat' dir='ltr'><strong>sub</strong></span> <span class='ocrx_word' id='word_1_133' title='bbox 1044 2564 1105 2625; x_wconf 89' lang='lat' dir='ltr'><strong>hoo</strong></span> <span class='ocrx_word' id='word_1_134' title='bbox 1127 2565 1216 2626; x_wconf 91' lang='lat' dir='ltr'><strong>titulo</strong></span> 
     </span>
     <span class='ocr_line' id='line_1_24' title="bbox 292 2648 568 2729; baseline -0.011 -18"><span class='ocrx_word' id='word_1_135' title='bbox 292 2650 415 2729; x_wconf 84' lang='lat' dir='ltr'><strong>Lipsiae</strong></span> <span class='ocrx_word' id='word_1_136' title='bbox 436 2648 568 2729; x_wconf 91' lang='lat' dir='ltr'><strong>prodiit:</strong></span> 
     </span>
    </p>

    <p class='ocr_par' dir='ltr' id='par_1_7' title="bbox 331 2730 1220 3230">
     <span class='ocr_line' id='line_1_25' title="bbox 334 2730 1220 2814; baseline -0.002 -21"><span class='ocrx_word' id='word_1_137' title='bbox 334 2730 1057 2814; x_wconf 80' lang='lat' dir='ltr'><strong>DefensioPhilippiMelanohthonis</strong></span> <span class='ocrx_word' id='word_1_138' title='bbox 1081 2736 1220 2791; x_wconf 87' lang='lat' dir='ltr'><strong>eontra</strong></span> 
     </span>
     <span class='ocr_line' id='line_1_26' title="bbox 333 2812 1219 2895; baseline -0.005 -17"><span class='ocrx_word' id='word_1_139' title='bbox 333 2816 523 2878; x_wconf 88' lang='lat' dir='ltr'><strong>Ioannem</strong></span> <span class='ocrx_word' id='word_1_140' title='bbox 546 2814 713 2875; x_wconf 81' lang='lat' dir='ltr'><strong>Mokium</strong></span> <span class='ocrx_word' id='word_1_141' title='bbox 746 2812 990 2895; x_wconf 67' lang='lat' dir='ltr'><strong>&#39;theologiae</strong></span> <span class='ocrx_word' id='word_1_142' title='bbox 1011 2812 1219 2894; x_wconf 87' lang='lat' dir='ltr'><strong>proiesso-</strong></span> 
     </span>
     <span class='ocr_line' id='line_1_27' title="bbox 331 2898 1218 2978; baseline -0.002 -19"><span class='ocrx_word' id='word_1_143' title='bbox 331 2920 417 2963; x_wconf 85' lang='lat' dir='ltr'><strong>rem.</strong></span> <span class='ocrx_word' id='word_1_144' title='bbox 459 2898 553 2959; x_wconf 85' lang='lat' dir='ltr'><strong>Tituli</strong></span> <span class='ocrx_word' id='word_1_145' title='bbox 575 2898 689 2978; x_wconf 89' lang='lat' dir='ltr'><strong>pagina</strong></span> <span class='ocrx_word' id='word_1_146' title='bbox 723 2916 781 2957; x_wconf 88' lang='lat' dir='ltr'><strong>nec</strong></span> <span class='ocrx_word' id='word_1_147' title='bbox 813 2898 916 2960; x_wconf 89' lang='lat' dir='ltr'><strong>locum</strong></span> <span class='ocrx_word' id='word_1_148' title='bbox 947 2916 1007 2959; x_wconf 90' lang='lat' dir='ltr'><strong>nec</strong></span> <span class='ocrx_word' id='word_1_149' title='bbox 1034 2916 1147 2958; x_wconf 89' lang='lat' dir='ltr'><strong>annum</strong></span> <span class='ocrx_word' id='word_1_150' title='bbox 1174 2898 1218 2957; x_wconf 92' lang='lat' dir='ltr'><strong>in-</strong></span> 
     </span>
     <span class='ocr_line' id='line_1_28' title="bbox 336 2981 1218 3062; baseline -0.001 -20"><span class='ocrx_word' id='word_1_151' title='bbox 336 2982 419 3043; x_wconf 88' lang='lat' dir='ltr'><strong>dicat</strong></span> <span class='ocrx_word' id='word_1_152' title='bbox 439 3000 540 3062; x_wconf 87' lang='lat' dir='ltr'><strong>neque</strong></span> <span class='ocrx_word' id='word_1_153' title='bbox 561 2981 657 3041; x_wconf 90' lang='lat' dir='ltr'><strong>ullum</strong></span> <span class='ocrx_word' id='word_1_154' title='bbox 679 2998 753 3060; x_wconf 85' lang='lat' dir='ltr'><strong>prae</strong></span> <span class='ocrx_word' id='word_1_155' title='bbox 775 3000 808 3041; x_wconf 89' lang='lat' dir='ltr'><strong>se</strong></span> <span class='ocrx_word' id='word_1_156' title='bbox 822 2982 880 3043; x_wconf 88' lang='lat' dir='ltr'><strong>fert</strong></span> <span class='ocrx_word' id='word_1_157' title='bbox 905 2987 1118 3042; x_wconf 87' lang='lat' dir='ltr'><strong>ornamentum</strong></span> <span class='ocrx_word' id='word_1_158' title='bbox 1130 2987 1218 3061; x_wconf 87' lang='lat' dir='ltr'><strong>typo-</strong></span> 
     </span>
     <span class='ocr_line' id='line_1_29' title="bbox 335 3046 1220 3161; baseline 0 -37"><span class='ocrx_word' id='word_1_159' title='bbox 335 3065 522 3146; x_wconf 84' lang='lat' dir='ltr'><strong>graphicum.</strong></span> <span class='ocrx_word' id='word_1_160' title='bbox 565 3063 600 3124; x_wconf 91' lang='lat' dir='ltr'><strong>In</strong></span> <span class='ocrx_word' id='word_1_161' title='bbox 624 3061 686 3124; x_wconf 90' lang='lat' dir='ltr'><strong>fine</strong></span> <span class='ocrx_word' id='word_1_162' title='bbox 703 3046 834 3161; x_wconf 81' lang='lat' dir='ltr'><strong>legitur:</strong></span> <span class='ocrx_word' id='word_1_163' title='bbox 858 3064 939 3147; x_wconf 90' lang='lat' dir='ltr'><strong>Lipsi</strong></span> <span class='ocrx_word' id='word_1_164' title='bbox 959 3068 973 3140; x_wconf 69' lang='lat' dir='ltr'>s</span> <span class='ocrx_word' id='word_1_165' title='bbox 979 3065 1039 3147; x_wconf 90' lang='lat' dir='ltr'><strong>sic)</strong></span> <span class='ocrx_word' id='word_1_166' title='bbox 1064 3064 1220 3145; x_wconf 88' lang='lat' dir='ltr'><strong>impressit</strong></span> 
     </span>
     <span class='ocr_line' id='line_1_30' title="bbox 334 3147 883 3230; baseline -0.005 -21"><span class='ocrx_word' id='word_1_167' title='bbox 334 3148 550 3230; x_wconf 83' lang='lat' dir='ltr'><strong>Vuoligangus</strong></span> <span class='ocrx_word' id='word_1_168' title='bbox 572 3147 769 3207; x_wconf 80' lang='lat' dir='ltr'><strong>Monacensis</strong></span> <span class='ocrx_word' id='word_1_169' title='bbox 794 3150 883 3213; x_wconf 81' lang='grc'>1519.</span> 
     </span>
    </p>

    <p class='ocr_par' dir='ltr' id='par_1_8' title="bbox 379 3230 1217 3311">
     <span class='ocr_line' id='line_1_31' title="bbox 379 3230 1217 3311; baseline -0.004 -18"><span class='ocrx_word' id='word_1_170' title='bbox 379 3232 455 3293; x_wconf 78' lang='lat' dir='ltr'><strong>Cum</strong></span> <span class='ocrx_word' id='word_1_171' title='bbox 477 3230 664 3291; x_wconf 88' lang='lat' dir='ltr'><strong>editionibus</strong></span> <span class='ocrx_word' id='word_1_172' title='bbox 679 3230 880 3311; x_wconf 86' lang='lat' dir='ltr'><strong>originalibus</strong></span> <span class='ocrx_word' id='word_1_173' title='bbox 900 3232 1084 3293; x_wconf 87' lang='lat' dir='ltr'><strong>contulimus</strong></span> <span class='ocrx_word' id='word_1_174' title='bbox 1100 3236 1217 3291; x_wconf 89' lang='lat' dir='ltr'><strong>textum</strong></span> 
     </span>
    </p>
   </div>
   <div class='ocr_carea' id='block_1_3' title="bbox 293 3352 713 3361">
    <p class='ocr_par' dir='ltr' id='par_1_9' title="bbox 293 3352 713 3361">
     <span class='ocr_line' id='line_1_32' title="bbox 293 3352 713 3361; baseline -0.007 0"><span class='ocrx_word' id='word_1_175' title='bbox 293 3356 380 3361; x_wconf 59' lang='lat'><strong>-‘-—-</strong></span> <span class='ocrx_word' id='word_1_176' title='bbox 391 3352 713 3361; x_wconf 41' lang='grc' dir='ltr'><strong>...ᾤ-...ΨΜ</strong></span> 
     </span>
    </p>
   </div>
   <div class='ocr_carea' id='block_1_4' title="bbox 293 3418 1221 4135">
    <p class='ocr_par' dir='ltr' id='par_1_10' title="bbox 293 3418 1221 4135">
     <span class='ocr_line' id='line_1_33' title="bbox 369 3418 1218 3489; baseline 0.005 -20"><span class='ocrx_word' id='word_1_177' title='bbox 369 3422 398 3484; x_wconf 84' lang='grc'><strong>1)</strong></span> <span class='ocrx_word' id='word_1_178' title='bbox 419 3418 494 3471; x_wconf 84' lang='lat' dir='ltr'><strong>Haec</strong></span> <span class='ocrx_word' id='word_1_179' title='bbox 511 3421 588 3473; x_wconf 86' lang='lat' dir='ltr'><strong>Eccii</strong></span> <span class='ocrx_word' id='word_1_180' title='bbox 608 3420 728 3489; x_wconf 89' lang='lat' dir='ltr'><strong>epistola</strong></span> <span class='ocrx_word' id='word_1_181' title='bbox 753 3418 787 3473; x_wconf 91' lang='lat' dir='ltr'><strong>ad</strong></span> <span class='ocrx_word' id='word_1_182' title='bbox 810 3420 862 3474; x_wconf 86' lang='lat' dir='ltr'><strong>lac.</strong></span> <span class='ocrx_word' id='word_1_183' title='bbox 883 3418 1066 3475; x_wconf 82' lang='lat' dir='ltr'><strong>Hochstratan</strong></span> <span class='ocrx_word' id='word_1_184' title='bbox 1088 3420 1171 3472; x_wconf 88' lang='lat' dir='ltr'><strong>missa</strong></span> <span class='ocrx_word' id='word_1_185' title='bbox 1190 3418 1218 3473; x_wconf 90' lang='lat' dir='ltr'><strong>in</strong></span> 
     </span>
     <span class='ocr_line' id='line_1_34' title="bbox 294 3490 1218 3561; baseline 0 -16"><span class='ocrx_word' id='word_1_186' title='bbox 294 3499 372 3545; x_wconf 87' lang='lat' dir='ltr'><strong>tomo</strong></span> <span class='ocrx_word' id='word_1_187' title='bbox 391 3492 515 3544; x_wconf 86' lang='lat' dir='ltr'><strong>secundo</strong></span> <span class='ocrx_word' id='word_1_188' title='bbox 533 3490 663 3545; x_wconf 85' lang='lat' dir='ltr'><strong>editionis</strong></span> <span class='ocrx_word' id='word_1_189' title='bbox 675 3490 800 3545; x_wconf 86' lang='lat' dir='ltr'><strong>lanensis</strong></span> <span class='ocrx_word' id='word_1_190' title='bbox 821 3490 890 3561; x_wconf 90' lang='lat' dir='ltr'><strong>Opp.</strong></span> <span class='ocrx_word' id='word_1_191' title='bbox 912 3490 987 3545; x_wconf 88' lang='lat' dir='ltr'><strong>Luth.</strong></span> <span class='ocrx_word' id='word_1_192' title='bbox 1010 3508 1035 3559; x_wconf 92' lang='lat' dir='ltr'><strong>p.</strong></span> <span class='ocrx_word' id='word_1_193' title='bbox 1048 3490 1101 3547; x_wconf 84' lang='grc'><strong>494</strong></span> <span class='ocrx_word' id='word_1_194' title='bbox 1120 3492 1218 3545; x_wconf 85' lang='lat' dir='ltr'><strong>iisdem</strong></span> 
     </span>
     <span class='ocr_line' id='line_1_35' title="bbox 294 3562 1220 3633; baseline 0.005 -21"><span class='ocrx_word' id='word_1_195' title='bbox 294 3564 386 3617; x_wconf 87' lang='lat' dir='ltr'><strong>verbis</strong></span> <span class='ocrx_word' id='word_1_196' title='bbox 414 3568 456 3615; x_wconf 89' lang='lat' dir='ltr'><strong>est</strong></span> <span class='ocrx_word' id='word_1_197' title='bbox 474 3566 591 3633; x_wconf 84' lang='lat' dir='ltr'><strong>repetita</strong></span> <span class='ocrx_word' id='word_1_198' title='bbox 616 3564 669 3616; x_wconf 86' lang='lat' dir='ltr'><strong>sub</strong></span> <span class='ocrx_word' id='word_1_199' title='bbox 697 3565 749 3615; x_wconf 86' lang='lat' dir='ltr'><strong>hac</strong></span> <span class='ocrx_word' id='word_1_200' title='bbox 768 3564 962 3631; x_wconf 81' lang='lat' dir='ltr'><strong>inscriptione:</strong></span> <span class='ocrx_word' id='word_1_201' title='bbox 994 3562 1119 3631; x_wconf 80' lang='lat' dir='ltr'><strong>Epistola</strong></span> <span class='ocrx_word' id='word_1_202' title='bbox 1138 3562 1220 3617; x_wconf 82' lang='lat' dir='ltr'><strong>Nota·</strong></span> 
     </span>
     <span class='ocr_line' id='line_1_36' title="bbox 294 3634 1218 3704; baseline 0.002 -17"><span class='ocrx_word' id='word_1_203' title='bbox 294 3635 423 3688; x_wconf 84' lang='lat' dir='ltr'><strong>bilissimi</strong></span> <span class='ocrx_word' id='word_1_204' title='bbox 434 3634 492 3686; x_wconf 84' lang='lat' dir='ltr'><strong>Viri</strong></span> <span class='ocrx_word' id='word_1_205' title='bbox 514 3640 540 3687; x_wconf 87' lang='lat' dir='ltr'><strong>at</strong></span> <span class='ocrx_word' id='word_1_206' title='bbox 560 3634 683 3704; x_wconf 76' lang='lat' dir='ltr'><strong>Magistri</strong></span> <span class='ocrx_word' id='word_1_207' title='bbox 704 3636 828 3704; x_wconf 75' lang='lat' dir='ltr'><strong>Magistri</strong></span> <span class='ocrx_word' id='word_1_208' title='bbox 849 3636 959 3689; x_wconf 81' lang='lat' dir='ltr'><strong>loannis</strong></span> <span class='ocrx_word' id='word_1_209' title='bbox 979 3634 1056 3689; x_wconf 74' lang='lat' dir='ltr'><strong>licinii</strong></span> <span class='ocrx_word' id='word_1_210' title='bbox 1077 3638 1163 3688; x_wconf 82' lang='lat' dir='ltr'><strong>missa</strong></span> <span class='ocrx_word' id='word_1_211' title='bbox 1184 3650 1218 3689; x_wconf 84' lang='lat' dir='ltr'><strong>ex</strong></span> 
     </span>
     <span class='ocr_line' id='line_1_37' title="bbox 294 3705 1219 3774; baseline 0.003 -16"><span class='ocrx_word' id='word_1_212' title='bbox 294 3707 386 3774; x_wconf 75' lang='lat' dir='ltr'><strong>lipsio</strong></span> <span class='ocrx_word' id='word_1_213' title='bbox 406 3705 440 3757; x_wconf 83' lang='lat' dir='ltr'><strong>ad</strong></span> <span class='ocrx_word' id='word_1_214' title='bbox 459 3709 599 3760; x_wconf 78' lang='lat' dir='ltr'><strong>famosum</strong></span> <span class='ocrx_word' id='word_1_215' title='bbox 618 3712 646 3759; x_wconf 84' lang='lat' dir='ltr'><strong>et</strong></span> <span class='ocrx_word' id='word_1_216' title='bbox 664 3707 847 3760; x_wconf 74' lang='lat' dir='ltr'><strong>reverendum</strong></span> <span class='ocrx_word' id='word_1_217' title='bbox 868 3708 977 3761; x_wconf 82' lang='lat' dir='ltr'><strong>Patrem</strong></span> <span class='ocrx_word' id='word_1_218' title='bbox 998 3707 1120 3761; x_wconf 83' lang='lat' dir='ltr'><strong>Fratrem</strong></span> <span class='ocrx_word' id='word_1_219' title='bbox 1141 3707 1219 3761; x_wconf 83' lang='lat' dir='ltr'><strong>Jaco-</strong></span> 
     </span>
     <span class='ocr_line' id='line_1_38' title="bbox 294 3777 1218 3850; baseline 0 -19"><span class='ocrx_word' id='word_1_220' title='bbox 294 3781 361 3831; x_wconf 86' lang='lat' dir='ltr'><strong>bnm</strong></span> <span class='ocrx_word' id='word_1_221' title='bbox 380 3777 644 3844; x_wconf 75' lang='lat' dir='ltr'><strong>Hoohstratansanr,</strong></span> <span class='ocrx_word' id='word_1_222' title='bbox 675 3780 838 3848; x_wconf 80' lang='lat' dir='ltr'><strong>Magistrum</strong></span> <span class='ocrx_word' id='word_1_223' title='bbox 865 3782 892 3833; x_wconf 90' lang='lat' dir='ltr'><strong>in</strong></span> <span class='ocrx_word' id='word_1_224' title='bbox 912 3780 1068 3850; x_wconf 76' lang='lat' dir='ltr'><strong>Theologlo</strong></span> <span class='ocrx_word' id='word_1_225' title='bbox 1092 3794 1218 3833; x_wconf 80' lang='lat' dir='ltr'><strong>nostrum</strong></span> 
     </span>
     <span class='ocr_line' id='line_1_39' title="bbox 296 3848 1221 3919; baseline 0.001 -17"><span class='ocrx_word' id='word_1_226' title='bbox 296 3856 347 3903; x_wconf 87' lang='lat' dir='ltr'><strong>etc.</strong></span> <span class='ocrx_word' id='word_1_227' title='bbox 366 3865 448 3917; x_wconf 83' lang='lat' dir='ltr'><strong>qnam</strong></span> <span class='ocrx_word' id='word_1_228' title='bbox 469 3850 516 3903; x_wconf 91' lang='lat' dir='ltr'><strong>ille</strong></span> <span class='ocrx_word' id='word_1_229' title='bbox 535 3857 667 3918; x_wconf 87' lang='lat' dir='ltr'><strong>tanquam</strong></span> <span class='ocrx_word' id='word_1_230' title='bbox 687 3852 839 3919; x_wconf 88' lang='lat' dir='ltr'><strong>pretiosum</strong></span> <span class='ocrx_word' id='word_1_231' title='bbox 873 3852 1032 3905; x_wconf 82' lang='lat' dir='ltr'><strong>thesaurum</strong></span> <span class='ocrx_word' id='word_1_232' title='bbox 1054 3848 1221 3904; x_wconf 86' lang='lat' dir='ltr'><strong>cordialissi·</strong></span> 
     </span>
     <span class='ocr_line' id='line_1_40' title="bbox 294 3921 1219 3992; baseline 0.001 -19"><span class='ocrx_word' id='word_1_233' title='bbox 294 3923 347 3974; x_wconf 79' lang='lat' dir='ltr'><strong>nris</strong></span> <span class='ocrx_word' id='word_1_234' title='bbox 367 3923 462 3973; x_wconf 82' lang='lat' dir='ltr'><strong>amicis</strong></span> <span class='ocrx_word' id='word_1_235' title='bbox 482 3937 660 3991; x_wconf 83' lang='lat' dir='ltr'><strong>cummagno</strong></span> <span class='ocrx_word' id='word_1_236' title='bbox 673 3923 764 3992; x_wconf 81' lang='lat' dir='ltr'><strong>gloria</strong></span> <span class='ocrx_word' id='word_1_237' title='bbox 785 3922 914 3986; x_wconf 71' lang='lat' dir='ltr'><strong>ostendit,</strong></span> <span class='ocrx_word' id='word_1_238' title='bbox 935 3940 1016 3992; x_wconf 81' lang='lat' dir='ltr'><strong>qrram</strong></span> <span class='ocrx_word' id='word_1_239' title='bbox 1038 3923 1119 3976; x_wconf 80' lang='lat' dir='ltr'><strong>etlam</strong></span> <span class='ocrx_word' id='word_1_240' title='bbox 1140 3921 1219 3975; x_wconf 90' lang='lat' dir='ltr'><strong>multi</strong></span> 
     </span>
     <span class='ocr_line' id='line_1_41' title="bbox 293 3991 1218 4067; baseline 0.001 -19"><span class='ocrx_word' id='word_1_241' title='bbox 293 3992 434 4048; x_wconf 80' lang='lat' dir='ltr'><strong>lsoohitac</strong></span> <span class='ocrx_word' id='word_1_242' title='bbox 450 3995 670 4063; x_wconf 80' lang='lat' dir='ltr'><strong>axoopiavarunt</strong></span> <span class='ocrx_word' id='word_1_243' title='bbox 690 3994 736 4062; x_wconf 89' lang='lat' dir='ltr'><strong>(ln</strong></span> <span class='ocrx_word' id='word_1_244' title='bbox 755 3994 809 4049; x_wconf 82' lang='lat' dir='ltr'><strong>tine</strong></span> <span class='ocrx_word' id='word_1_245' title='bbox 829 3994 896 4067; x_wconf 67' lang='lat' dir='ltr'><strong>lap:</strong></span> <span class='ocrx_word' id='word_1_246' title='bbox 923 3994 966 4051; x_wconf 76' lang='lat' dir='ltr'><strong>iix</strong></span> <span class='ocrx_word' id='word_1_247' title='bbox 987 3994 1076 4063; x_wconf 82' lang='lat' dir='ltr'><strong>Llpsle</strong></span> <span class='ocrx_word' id='word_1_248' title='bbox 1094 3991 1137 4048; x_wconf 77' lang='lat'><strong>24.</strong></span> <span class='ocrx_word' id='word_1_249' title='bbox 1158 3992 1218 4049; x_wconf 88' lang='lat' dir='ltr'><strong>lulli</strong></span> 
     </span>
     <span class='ocr_line' id='line_1_42' title="bbox 297 4063 749 4135; baseline 0.002 -17"><span class='ocrx_word' id='word_1_250' title='bbox 297 4068 380 4119; x_wconf 78' lang='lat' dir='ltr'><strong>Anno</strong></span> <span class='ocrx_word' id='word_1_251' title='bbox 400 4067 506 4135; x_wconf 84' lang='lat' dir='ltr'><strong>gratiae</strong></span> <span class='ocrx_word' id='word_1_252' title='bbox 524 4064 645 4121; x_wconf 86' lang='lat' dir='ltr'><strong>M.D.lill</strong></span> <span class='ocrx_word' id='word_1_253' title='bbox 667 4063 749 4135; x_wconf 84' lang='lat' dir='ltr'><strong>(alc).</strong></span> 
     </span>
    </p>
   </div>
   <div class='ocr_carea' id='block_1_5' title="bbox 0 0 1547 4775">
    <p class='ocr_par' dir='ltr' id='par_1_11' title="bbox 0 0 1547 4775">
     <span class='ocr_line' id='line_1_43' title="bbox 0 0 1547 4775; baseline 0 0"><span class='ocrx_word' id='word_1_254' title='bbox 0 0 1547 4775; x_wconf 95' lang='lat' dir='ltr'><strong> </strong></span> 
     </span>
    </p>
   </div>
  </div>
 </body>
</html>
