3075 4775
558 569 576 607 s
591 554 714 608 Noluit·
730 561 856 624 snsspta
1133 551 1177 642 79

256 759 436 843 Eutyches,
459 761 623 838 Achatius,
645 763 782 823 Joanncs
805 760 1175 842 constantinopolitanus,

256 853 286 906 et
312 846 410 927 longo
439 851 580 925 tempora
607 847 638 905 in
672 845 835 905 schismate
864 849 1096 926 perseverantes
1119 845 1175 906 sub

255 929 396 1009 fingenio
419 927 470 990 IV.
499 931 529 988 in
553 929 684 989 concilio
706 928 885 989 Florentino
908 927 1111 989 obedientiam
1133 928 1176 989 fe

256 1018 365 1074 cerunt
387 1013 550 1091 ecclesias,
573 1013 712 1091 quamvis
735 1031 792 1091 pro
803 1012 952 1092 pertinaci
975 1009 1175 1092 perfidiasta·

256 1097 311 1156 tim
331 1095 371 1156 ad
394 1096 542 1158 sonnium
565 1095 719 1155 redierint.
757 1094 903 1173 Alioquin
933 1095 958 1153 si
980 1094 1089 1154 Graeci
1111 1113 1173 1155 non

255 1179 384 1238 luissent
405 1178 592 1239 schismatici
614 1186 644 1238 et
660 1178 816 1256 haeretici,
838 1196 900 1237 non
922 1177 1103 1237 haberemus
1123 1177 1174 1238 de·
1233 1247 1240 1256 ,

256 1263 403 1322 cisionem
428 1261 608 1321 desummo
635 1261 695 1321 fide
718 1261 871 1322 catholica
899 1267 1006 1320 contm
1028 1259 1174 1323 Graecos.

257 1345 313 1406 Vel
345 1345 427 1405 forte
456 1346 642 1404 reverendus
668 1345 758 1405 Pater
784 1346 908 1426 ignorat
927 1343 1079 1405 Thomam
1114 1341 1171 1402 edi„

256 1427 336 1488 disse
359 1427 469 1504 librum
493 1427 531 1487 de
554 1427 704 1488 erroribus
727 1427 924 1489 Graecorum.
1086 1501 1089 1504 ἦ

317 1509 422 1589 Addo,
444 1511 515 1588 quis
535 1510 655 1571 induxit
675 1511 735 1571 iam
758 1512 881 1591 saepius
903 1509 1063 1570 ecclesiam
1077 1508 1175 1567 orien-

164 1615 172 1626 ·
258 1595 350 1654 talem
374 1611 436 1654 non
461 1595 554 1654 luisse
577 1594 743 1654 subiectam
766 1592 853 1654 Rom.
878 1591 1028 1670 Pontifici,
1053 1598 1083 1650 et
1105 1591 1174 1670 Epi-

218 1686 227 1710 ‘
257 1677 402 1758 phanium
437 1676 637 1756 cypriana)
675 1677 826 1756 repulisse
858 1675 888 1737 Β.
919 1675 1173 1754 Chrysostomum
1271 1721 1280 1733 ,

256 1761 293 1820 ab
316 1761 520 1840 episcopatu,
547 1760 630 1838 quod
651 1759 731 1820 bene
752 1759 866 1820 factum
896 1759 969 1818 dicit
989 1757 1174 1820 reverendus

256 1843 346 1904 Pater
368 1844 532 1903 autoritate
546 1843 654 1904 Niceni
677 1843 799 1903 concilii
822 1842 1019 1922 etCypriani.
1043 1840 1104 1901 Sed
1127 1859 1174 1900 ce·
1211 1872 1213 1879 ι

257 1926 330 1988 cidit
351 1927 383 1985 in
405 1925 549 2005 foveam,
579 1945 669 2006 quam
701 1926 789 2003 fecit,
823 1927 966 2005 quoniam
988 1924 1020 1987 8.
1042 1924 1175 2004 Chryso

257 2009 458 2071 stomuscdio
480 2010 681 2088 imperatricis
703 2009 759 2069 fuit
781 2009 927 2085 deiectus,
950 2017 981 2068 et
1002 2008 1174 2067 haereticus

256 2093 386 2152 Asianus
410 2092 606 2173 substitutus,
635 2111 728 2172 quem
755 2111 890 2152 summus
912 2091 1055 2152 Pontifex
1077 2091 1174 2151 Julius

257 2173 415 2237 mandavit
433 2176 588 2256 recedere,
611 2183 642 2236 ct
661 2175 834 2236 lohannem
855 2175 1108 2255 chrysostomum
1129 2195 1175 2234 re·
1292 2194 1298 2198 ·

258 2260 362 2320 stituit.
397 2257 488 2333 Quod
517 2259 588 2318 dum
610 2259 722 2319 factum
747 2278 809 2319 non
833 2264 931 2336 esset,
965 2257 1063 2317 Julius
1091 2277 1174 2338 papa

256 2342 428 2404 lohannem
442 2341 694 2423 Chrysostomum
716 2343 837 2411 restitui
855 2340 1031 2423 praecepit,
1068 2348 1099 2401 et
1118 2343 1172 2401 im-

255 2432 428 2506 peratorem
466 2427 752 2488 excommunicavit.
798 2426 851 2486 lta
893 2433 925 2486 et
954 2432 1061 2485 contra
1094 2424 1172 2485 alios

257 2512 421 2589 episcopos
444 2509 616 2571 haereticos
639 2511 808 2590 prooessit,
836 2517 953 2569 utnon
977 2508 1089 2585 semel,
1119 2508 1172 2569 scd

256 2592 357 2654 decies
379 2592 518 2653 Graecos
540 2592 578 2653 ab
603 2592 779 2654 obedientia
792 2592 881 2652 Rom.
904 2590 1054 2651 ecclesiae
1075 2610 1173 2653 reces-

255 2677 329 2737 sisse
351 2675 500 2736 historiae
521 2675 651 2739 tradant.
676 2676 735 2737 ‘nst
763 2692 845 2736 nuno
865 2675 1051 2735 reverendus
1074 2675 1173 2752 Pater,

257 2765 286 2831 et
319 2758 406 2819 dicat
427 2758 516 2820 Rom.
539 2759 717 2820 Pontificem
745 2760 784 2821 de
813 2758 950 2819 ecclesiis
973 2758 1172 2818 orientalibus

255 2848 313 2903 non
336 2841 544 2922 disposuisse,
571 2844 621 2904 vel
642 2842 786 2905 iustificat
813 2850 876 2902 tam
898 2841 929 2924 St
959 2840 1056 2901 Patris
1079 2838 1173 2921 Chry-

256 2926 384 2987 sostcmi
405 2923 568 3005 repulsam.
982 2943 989 2954 ·
1025 2932 1029 2939 '
1171 2944 1176 2949 ’

334 3006 464 3087 Tertio,
497 3008 535 3069 de
557 3006 674 3068 Nicena
701 3008 821 3089 synodo
853 3026 944 3088 quam
976 3026 1015 3067 ex
1036 3004 1173 3070 Historia

255 3092 440 3153 scholastica
461 3090 511 3153 lib.
535 3095 583 3156 lo.
606 3090 753 3172 adduxit,¹
785 3092 809 3152 si
831 3093 890 3151 ista
912 3099 960 3152 est
981 3091 1170 3173 constitutio,

260 3194 348 3255 quam
371 3176 402 3235 in
427 3193 483 3235 sua
503 3174 601 3235 voluit
622 3174 937 3254 conclrrsione„bona
958 3182 1014 3252 est,
1035 3176 1171 3256 inquam,

258 3258 365 3323 sedad
387 3258 579 3338 propositum
600 3257 719 3338 frigida.
741 3258 809 3318 Jam
827 3258 965 3339 synodus
978 3258 1063 3318 nullo
1080 3261 1172 3321 etiam

256 3360 291 3403 eo
313 3348 456 3421 tempore
484 3341 622 3423 legitima
651 3341 866 3421 arbitrabatur,
897 3360 976 3421 quas
1008 3361 1071 3403 non
1093 3343 1172 3405 foret

255 3426 422 3486 autoritate
443 3424 531 3486 liom.
547 3424 703 3485 Pontificis
726 3432 924 3507 congregata.
967 3426 1014 3486 lta
1036 3424 1108 3504 Leo,
1129 3429 1173 3487 ita

257 3508 428 3583 Marcellus,
450 3508 494 3568 ita
514 3507 623 3584 Julius,
646 3510 752 3587 sancti,
776 3528 838 3569 non
859 3508 961 3590 frigidi
982 3526 1082 3588 papae
1105 3530 1173 3570 san·

256 3600 373 3669 xerunt,
398 3593 479 3651 circa
499 3591 581 3651 idem
604 3599 724 3671 tempus
746 3593 896 3655 viventes.
929 3589 1173 3654 fionstitutionss

256 3692 358 3735 eornm
381 3674 526 3754 leguntur
547 3673 614 3737 dist.
639 3676 687 3737 19.
710 3692 779 3742 can.
802 3674 970 3755 Synodum,
993 3682 1024 3735 et
1045 3694 1173 3755 sequen-

256 3757 342 3837 tibus,
365 3758 447 3817 unde
468 3757 551 3837 quod
572 3758 767 3818 Patriarcha‘e
780 3756 1062 3839 Hierosolymitano
1085 3779 1172 3840 prse-

257 3842 427 3922 rogativam
451 3841 576 3902 honoris
600 3841 759 3921 dederuut,
782 3840 836 3902 sed
859 3861 921 3903 uon
943 3844 1104 3923 primatum
1129 3851 1171 3903 to·

305 4109 334 4164 1l
356 4108 387 4161 ln
403 4108 451 4161 ed.¹
464 4107 523 4163 len.
543 4114 571 4163 at
588 4108 661 4178 apud
681 4106 810 4163 Losscu:
830 4106 1007 4177 Cypriacam.
