3075 4775
588 550 745 615 alictariis
769 556 895 619 excepta.
1109 545 1170 613 1ss

254 742 314 797 t'em
334 737 399 797 iam
420 736 531 817 hiduo,
553 736 698 800 deberem
718 737 939 820 utiquslhisse,
961 736 1020 797 nisi
1032 749 1172 799 reveren·-

255 821 308 880 dus
329 820 422 881 Pater
443 822 505 882 suis
527 821 656 882 cautelis
676 819 846 901 'aliquando
868 821 993 883 fecisset
1013 834 1054 881 ex
1076 828 1172 903 oppo'-

254 910 347 965 rente
367 904 617 985 respondentem.
651 902 723 964 lion
744 906 825 965 enim
847 904 908 967 hoc
930 905 1062 985 opposui
1083 922 1172 987 argu·

254 994 411 1066 mentum,
432 987 487 1049 sed
507 989 576 1067 ipse
596 989 709 1070 posuit,
733 994 764 1048 et
786 993 869 1049 certe
891 986 1065 1048 cathedram
1087 987 1173 1047 illam

253 1070 364 1134 Petrus,
379 1088 444 1131 non
466 1088 570 1133 eccum
593 1072 724 1152 sumpsit
745 1070 786 1133 ad
806 1070 958 1149 Romam,
985 1069 1040 1131 sed
1063 1072 1172 1153 prims·

235 1160 315 1214 ,tum
335 1154 501 1218 transtulit.

333 1235 400 1298 De*
412 1237 508 1299 verbo
529 1256 674 1317 pascere,
708 1237 775 1298 vult
805 1236 957 1297 dimittere
979 1235 1173 1317 Gregorium,

253 1318 476 1400 Ambrosium,
493 1320 764 1401 chrysostomum,
803 1321 875 1399 qnia
891 1318 1023 1400 simplex
1044 1317 1171 1381 verbum

251 1422 313 1465 non
324 1402 439 1465 debeat
453 1404 660 1484 aequivocari.
681 1404 770 1483 Dico,
794 1404 860 1483 quis
878 1401 938 1464 hoc
952 1404 1086 1485 ignorat,
1101 1410 1174 1463 'vor'

252 1487 481 1567 bum-pastoris
502 1503 572 1548 esse
600 1505 715 1548 nomen
737 1486 853 1564 officii,
879 1486 1006 1547 honoris
1029 1494 1060 1547 et
1081 1486 1172 1547 etiam

232 1571 355 1640 ¹oneris
370 1568 496 1631 iUnde
519 1576 552 1631 et
571 1570 772 1650 praelationis
785 1572 905 1649 accepit
926 1569 1061 1631 officium
1084 1576 1115 1630 et
1135 1570 1174 1629 s'i'-

252 1654 309 1714 mul
329 1653 481 1734 pascendi
504 1672 592 1715 onus.
967 1678 971 1686 ·

309 1737 359 1797 De
380 1735 560 1797 conditione
576 1755 639 1797 non
660 1738 777 1817 recipio
799 1735 934 1817 allegata
955 1754 1010 1815 per
1030 1754 1171 1797 reveren-

251 1819 331 1880 dum·
344 1820 479 1893 Patrem,
502 1820 574 1900 quia
594 1814 654 1881 nec
675 1818 828 1899 Christus,
850 1820 1027 1899 sicutipse,
1050 1835 1174 1901 semper

162 1957 163 1972 ,
251 1902 391 1989 inhaeret
411 1903 534 1982 literae,
566 1904 776 1965 conditionem
798 1904 897 1963 iunxit
917 1908 1072 1983 pasturae.
1094 1901 1173 1963 liam

162 1979 163 1986 '
250 1988 292 2047 sic
309 2006 403 2048 ⁴error
422 1985 655 2048 confirmaretur
674 1986 864 2067 Hussiticus,
894 1984 985 2065 quod
1009 2005 1073 2046 non
1111 1986 1173 2045 exi-

252 2076 333 2131 stens
364 2070 398 2130 in
421 2070 548 2131 caritste
582 2089 644 2131 non
674 2076 758 2131 esset
779 2070 966 2150 episcopus,
1005 2059 1175 2151 praelatus,¹

304 2160 357 2214 tor
378 2160 438 2214 etc.

251 2172 304 2233 pm
331 2237 381 2297 De
402 2255 470 2297 cau.
493 2235 697 2317 significasti,
725 2234 763 2294 de
798 2234 886 2296 elect.
914 2236 978 2295 scio
1000 2234 1173 2296 Censonom

253 2327 283 2379 et
301 2320 382 2381 alios
404 2319 550 2381 doctores
570 2318 744 2402 ponderare
772 2318 803 2377 in
826 2316 968 2397 miseris,
1004 2338 1042 2379 an
1072 2320 1174 2379 conci·

254 2404 324 2464 lium
348 2405 389 2465 sit
409 2423 502 2484 supra
522 2402 662 2484 papam?
700 2401 760 2464 Sed
783 2403 855 2481 quis
881 2402 976 2463 verba
1011 2403 1174 2464 decretalis

255 2506 314 2548 non
337 2493 410 2548 sunt
429 2487 573 2567 adducta,
594 2485 669 2550 nibil
690 2505 817 2568 possum
829 2485 941 2565 dicere,
964 2486 1018 2547 sed
1041 2487 1173 2548 coniicio

256 2571 363 2632 nolens
385 2591 436 2631 ma
462 2571 523 2631 huo
551 2570 707 2652 allegare,
739 2569 929 2650 pastoralem
966 2569 1173 2631 conditionem

257 2655 413 2736 accepisse
433 2675 490 2735 pro
514 2654 673 2737 qualitate,
720 2697 730 2714 .
1114 2695 1116 2700 -

332 2738 382 2800 De
402 2737 518 2818 Paulo,-
569 2738 599 2797 ui
621 2737 784 2819 primatum
806 2735 888 2798 Petri
914 2755 977 2798 non
1001 2737 1173 2820 agnoverit,

256 2820 308 2882 sed
327 2821 419 2884 suerit
439 2755 600 2907 apostoius
622 2813 748 2898 Christi,
777 2838 884 2882 omnes
920 2839 1024 2880 sumus
1053 2818 1174 2896 Christi,

257 2911 287 2965 ut
305 2904 457 2983 arbitror,
492 2910 595 2966 tamen
617 2904 709 2966 Petro
731 2904 893 2986 primatum
916 2902 1024 2966 nullibi
1049 2902 1175 2964 obstulit

257 2989 422 3070 regiminis,
443 2986 499 3050 sed
520 2994 552 3048 et
573 2990 747 3067 moriturus,
771 2993 804 3048 ut
823 2987 854 3048 in
867 2987 999 3074 epistola
1019 2985 1057 3046 de
1080 2992 1174 3048 trans·

256 3071 295 3133 iu
315 3072 529 3152 apostolorum
551 3071 707 3150 scribitur,
728 3071 852 3132 Petrum
875 3069 1042 3152 valedixit,
1072 3076 1105 3130 ut
1126 3062 1195 3132 cast

256 3162 308 3234 put
327 3155 501 3234 ecclesiae,
522 3174 602 3234 quae
624 3155 756 3236 epistola
778 3174 817 3216 an
839 3156 879 3215 sit
902 3155 937 3216 B.
961 3154 1101 3236 Dionysii
1125 3155 1174 3218 vel

258 3238 363 3319 minas,
384 3240 534 3301 incertum
555 3239 667 3321 babeo.
765 3284 767 3289 κ
1155 3239 1157 3246 “

334 3321 461 3383 Paulum
485 3321 563 3382 dixit
582 3323 727 3384 visorium
743 3321 864 3401 Christi,
887 3319 941 3382 ssd
964 3340 1026 3382 non
1047 3339 1174 3402 genera·

258 3402 330 3486 lem,
363 3418 436 3466 nam
459 3406 552 3467 ctiam
574 3407 605 3466 in
627 3405 809 3488 apocalypsi
831 3411 987 3485 ponuntur
1009 3398 1187 3466 duedecim

257 3487 450 3552 fundamenta
471 3489 637 3570 ecclesiae,
660 3497 691 3550 et
712 3497 815 3551 tamen
828 3487 1058 3550 fundamentum
1082 3485 1175 3568 uliud,

257 3572 371 3660 scilicet
390 3573 569 3656 principale,
591 3593 683 3636 nemo
705 3593 824 3654 ponere
844 3578 958 3653 potest,
981 3590 1073 3651 quam
1092 3572 1175 3652 quod

256 3657 386 3733 positum
410 3664 467 3736 cst,
490 3654 608 3718 scilicet
623 3658 778 3741 Christum
792 3657 841 3734 *).
1167 3729 1170 3736 Ι
1273 3659 1277 3665 ’
1303 3669 1306 3676 ’

332 3740 381 3804 De
402 3741 540 3804 secundo
562 3740 648 3824 dixit,
671 3760 734 3801 non
754 3759 825 3803 esse
847 3737 885 3798 ad
903 3741 1112 3820 propositum,
1134 3759 1173 3802 an
1276 3774 1280 3779 -

257 3821 357 3886 Petrus
391 3827 431 3887 sit
451 3832 556 3906 petra,
583 3830 615 3885 et
641 3831 693 3904 ‚est
725 3832 823 3889 totum
845 3821 1002 3904 negotium
1026 3831 1173 3888 nostrum.

616 4037 619 4043 ,
666 4024 672 4037 .

286 4095 317 4166 ’)
337 4099 361 4153 1.
384 4096 452 4152 Cor.
472 4095 517 4151 3.·
