3075 4775
536 584 607 641 Xlll.
627 582 661 639 de
680 589 817 654 potestate
836 586 935 654 Papae.
1149 562 1211 647 363

292 769 407 831 elesiae
430 771 538 851 vigore
558 771 684 831 istarum
708 770 821 851 legum,
843 770 912 851 plus
926 767 1039 852 satisl)
1063 767 1213 832 videmus.

289 854 356 914 Neo
377 854 441 914 hoe
463 857 548 926 satis,
569 855 599 913 io
623 852 689 915 dies
713 861 884 935 augescunt
904 853 1054 914 eiusmodi
1076 852 1159 932 libri,
1183 860 1214 912 et

289 945 392 997 tamen
418 937 493 996 nihil
514 938 646 1010 faciunt,
677 939 735 997 nisi
757 937 840 1017 quod
864 938 967 1017 plures
987 935 1147 996 animabus
1171 936 1211 996 la-

288 1040 386 1099 queos
416 1027 545 1099 ponunt.
588 1020 664 1080 Inde
686 1021 968 1101 dispensationum,
1003 1019 1211 1079 confessione

288 1105 379 1179 lium,
403 1102 605 1179 indultorum,
633 1106 864 1183 exemptionum
890 1104 1083 1183 turpissimae
1105 1102 1211 1162 nundi·

289 1206 355 1247 nae.
390 1186 465 1245 lnde
486 1188 731 1267 episcopatuum,
754 1187 1007 1264 sacerdotiorum,
1030 1184 1211 1263 officiorum,

288 1269 470 1350 palliorum,
504 1278 684 1330 annotarum
714 1272 857 1351 rapinae,
890 1276 921 1331 et
941 1268 1135 1330 venditiones
1157 1269 1211 1328 im·

289 1352 540 1432 pudentissimae.
584 1353 659 1415 Inde
683 1373 842 1432 oensuroe,
864 1355 975 1431 minae,
996 1352 1134 1429 fulmina,
1155 1352 1211 1430 vis,
1261 1374 1265 1390 =
1298 1356 1300 1361 ’

288 1438 383 1512 frans,
407 1435 513 1513 dolus,
547 1443 578 1497 at
599 1436 719 1497 infinita
741 1444 896 1513 monstra,
932 1455 1060 1515 quorum
1084 1435 1212 1513 nullum,

287 1525 341 1580 aut
364 1519 474 1579 saltem
497 1540 599 1579 rarum
622 1528 713 1598 esset,
736 1522 761 1579 si
777 1521 928 1600 epistolae
950 1518 1112 1594 eiusmodi,
1134 1519 1213 1578 siout

288 1603 442 1683 oportuit,
474 1604 555 1663 intra
580 1604 707 1663 annales
738 1610 768 1663 et
799 1610 937 1684 regestas
959 1604 1144 1662 mansissent
1165 1620 1212 1661 se-

288 1688 422 1765 positae,
446 1694 476 1744 et
488 1686 659 1766 Evangelio
682 1688 712 1747 in
735 1686 860 1767 publioo
886 1687 986 1746 looum
1004 1685 1210 1763 reliquissent.

373 1768 507 1828 Proinde
530 1769 710 1830 traditiones
722 1770 880 1830 Romanas
904 1788 1058 1848 nunquam
1081 1770 1124 1828 ita
1145 1787 1212 1828 sen·

289 1854 329 1911 sit
350 1851 500 1927 mundus,
535 1859 568 1911 ut
594 1853 626 1912 in
656 1854 744 1913 annis
766 1854 832 1913 istis
855 1852 1094 1932 quadringentis.
1138 1850 1212 1912 Ideo

290 1942 389 1995 totum
413 1954 518 1995 eornm
541 1936 680 2015 pondus,
703 1943 734 1996 et
757 1955 880 1995 omnem
912 1938 972 1995 vim
997 1934 1149 2018 Gregorio
1171 1934 1214 1993 IX

289 2018 483 2078 tribuendum
507 2020 667 2095 existimo,
704 2039 760 2099 per
790 2038 879 2098 quem
908 2018 993 2101 velut
1020 2024 1112 2078 natae
1142 2022 1213 2077 suut

292 2108 441 2162 stortae.
484 2101 531 2161 Ab
554 2100 660 2181 hoo²)
698 2104 780 2162 enim
810 2122 881 2161 usus
910 2121 1014 2161 eorum
1043 2101 1136 2161 robur
1164 2119 1212 2160 ae-

291 2186 373 2264 oepit
395 2191 426 2243 et
447 2184 630 2260 invaluit³),
663 2190 695 2243 ut
715 2186 835 2265 legibus
856 2187 922 2245 istis
946 2190 977 2245 et
998 2183 1212 2245 traditionibus

291 2269 334 2327 ita
355 2267 418 2326 sint
440 2268 575 2326 omnium
600 2266 718 2345 officia,
751 2274 866 2329 statuta
888 2257 1055 2345 eeclesiae,
1089 2266 1212 2328 ordines

291 2352 321 2410 in
345 2370 437 2410 unum
466 2350 562 2412 oahos
586 2350 731 2431 eoniusa,
764 2353 843 2413 intra
872 2353 949 2414 istos
971 2352 1213 2446 quadringentos

292 2453 406 2512 annos,
430 2440 463 2492 ut
485 2434 646 2514 Babylone
667 2437 737 2515 ipsa
757 2437 914 2496 eoninsior
935 2437 975 2496 sit
995 2436 1144 2496 hodierna
1166 2453 1213 2495 eo

292 2518 395 2577 alesia.
439 2516 538 2578 Nemo
571 2519 601 2577 in
631 2537 686 2578 suo
716 2519 825 2579 ordine
846 2517 975 2596 insedit,
1006 2517 1134 2597 quilibet
1154 2517 1213 2596 sibi

293 2622 329 2660 ex
352 2598 427 2660 urbe
450 2600 551 2679 legem
575 2601 657 2677 emit,
681 2620 742 2680 qua
763 2604 857 2677 vivat,
880 2602 931 2661 ille
954 2607 1131 2680 exemptus,
1154 2601 1213 2659 iste

293 2683 522 2763 privilegiatus,
544 2684 603 2743 iste
626 2684 793 2762 familiaris,
816 2685 874 2745 iste
898 2683 1059 2760 oflioialis,
1081 2685 1140 2742 iste
1162 2700 1213 2741 ne-

292 2768 421 2845 scioquo
445 2766 553 2842 titulo,
582 2785 690 2827 omnes
712 2767 884 2828 libertatem
908 2767 1059 2846 quidlibet
1080 2763 1213 2844 essendi,

293 2848 437 2926 faciendi,
458 2849 591 2909 audendi
612 2850 727 2911 babent
748 2871 804 2930 per
825 2851 880 2911 has
902 2851 1058 2911 Romanas
1079 2849 1174 2930 leges.

375 2932 442 2991 Neo
466 2932 585 2992 Romae
607 2933 690 2992 aliud
713 2941 844 3012 noratur,
869 2953 959 3014 qnam
983 2940 1016 2992 ut
1037 2933 1096 2993 hae
1117 2931 1213 2991 eoele-

293 3017 357 3076 siae
381 3034 502 3075 summa
524 3016 699 3077 calamitate
721 3017 884 3077 roboretur
905 3022 1043 3096 potestas
1066 3021 1096 3074 et
1118 3014 1214 3074 domi·

292 3101 377 3159 natio
415 3117 470 3157 soa
504 3099 534 3157 in
568 3101 651 3159 omni
679 3100 838 3161 individuo
867 3119 923 3160 suo
953 3099 1029 3161 sola.
1073 3097 1112 3158 Et
1133 3097 1215 3156 huno

292 3183 445 3242 eoolesiae
468 3200 623 3259 oceasum,
646 3184 671 3242 si
694 3184 818 3261 quando
832 3185 993 3264 gemimus,
1016 3183 1041 3241 si
1063 3180 1214 3258 dolemus,
1269 3232 1270 3237 ,

290 3267 316 3325 si
339 3264 546 3344 querulamur,
568 3265 715 3325 haeretiei
737 3286 852 3345 snmus,
874 3268 1076 3326 irreverentes
1099 3266 1130 3324 in
1152 3264 1212 3325 Ro·

294 3367 415 3408 manam
439 3347 602 3407 ecelesiam
626 3368 729 3408 sumus
752 3350 943 3418 seandalosi,
967 3348 1123 3427 seditiosi,
1146 3366 1214 3427 pro-

293 3449 384 3492 eaees
406 3448 521 3492 sumus.
565 3429 645 3504 Quia
671 3431 817 3492 videlieet
839 3432 991 3512 querulari
1020 3450 1083 3492 non
1106 3449 1214 3511 possu-

294 3535 371 3593 mus,
392 3515 451 3572 uisi
464 3513 595 3573 Romani
620 3515 785 3593 pontilicis,
808 3523 869 3576 tum
895 3517 969 3590 iura,
993 3522 1056 3574 tum
1078 3519 1214 3592 potesta·

294 3605 372 3673 tem,
401 3599 465 3656 imo
501 3603 601 3656 tantas
630 3599 755 3657 iniurias
784 3599 889 3678 populi
913 3599 970 3658 Dei
1004 3597 1093 3658 simul
1123 3616 1215 3676 anga-

294 3679 413 3757 mus4).
456 3679 534 3738 Nam
565 3679 614 3739 hio
644 3681 712 3739 fons
735 3689 857 3742 estant
879 3681 1050 3742 servandae
1072 3687 1125 3742 aut
1147 3699 1213 3759 per·

294 3763 414 3823 dandae
452 3762 612 3823 eeclesiae.
657 3761 733 3822 Cum
764 3771 866 3824 autem
895 3763 990 3825 hodie
1017 3765 1121 3825 omnia
1155 3764 1215 3822 sint

366 3967 397 4034 l)
419 3967 449 4019 lu
478 3968 541 4020 edit.
569 3969 673 4034 priore:
704 3971 771 4020 satis
792 3969 861 4036 plus.
900 3971 928 4033 2)
958 3969 1079 4024 Ibidem:
1106 3965 1215 4018 abhinc.

295 4041 323 4099 3)
343 4041 462 4092 lbidem:
481 4039 665 4092 invaluerunt.
703 4040 735 4105 4)
759 4041 787 4092 ln
814 4041 856 4094 ed,
877 4045 969 4110 priore
997 4046 1024 4093 et
1042 4042 1071 4090 in
1088 4035 1217 4090 Jenensi:

294 4117 451 4180 tangamus.
