3075 4775
434 1427 730 1524 Resolutiones
759 1430 942 1528 Luthori

226 1649 231 1661 ·
297 1646 392 1707 super
424 1628 684 1731 Propositionibus
717 1632 778 1693 suis
799 1634 921 1711 Lipsiae
948 1636 1148 1714 disputatis,
1190 1626 1221 1651 ’“

329 1962 487 2049 liutherus
523 1984 616 2064 paulo
660 1996 732 2065 post
764 1990 1007 2071 disputationem
1046 1995 1168 2075 Lipsiae

243 2078 380 2139 habitam
403 2069 435 2127 in
457 2068 591 2127 animum
614 2066 773 2133 induxisse
796 2075 917 2137 videtur
947 2077 988 2139 od
1009 2077 1091 2139 diets
1112 2096 1168 2140 sue

244 2160 361 2221 tuenda
383 2159 415 2211 et
436 2149 683 2211 adversariorum
706 2158 850 2219 eonvieio
872 2160 1043 2222 refellendo
1057 2161 1105 2222 de
1124 2163 1168 2224 di-

244 2246 423 2324 sputatione
445 2236 512 2313 ipse
533 2235 684 2313 quaedem
705 2238 737 2298 in
760 2240 870 2321 vulgus
889 2243 982 2306 edere
1003 2251 1035 2305 et
1056 2264 1168 2326 propo·

184 2343 188 2359 ¹
242 2328 370 2390 sitiones
395 2336 465 2377 suas
488 2317 643 2397 eopiosius
656 2320 812 2400 explioere
833 2345 870 2387 eo
891 2329 1033 2408 probare.
1059 2329 1166 2410 ltaque

242 2411 303 2471 ism
337 2409 388 2470 die
423 2404 473 2465 20.
499 2401 572 2462 iulii
595 2405 674 2466 1519
713 2407 807 2468 modo
830 2410 1086 2494 Wittembergem
1123 2434 1168 2474 re·

242 2511 349 2554 versus
371 2493 404 2552 in
427 2485 559 2565 epistole
580 2484 620 2544 ed
633 2485 824 2566 Spelotioum
847 2493 1055 2563 dateseribit:
1077 2496 1166 2578 „Ego
1241 2506 1244 2515 '

241 2578 312 2655 quid
336 2567 551 2654 responderim
576 2568 691 2642 (Eeeio
715 2571 754 2632 de
778 2575 909 2652 primatu
931 2577 1090 2640 Pontifieis
1107 2580 1167 2639 Ro-

240 2659 340 2740 moni)
357 2652 475 2719 videbis
488 2671 554 2730 pro
565 2651 734 2729 p'ediem“
748 2654 848 2736 (Luth.
862 2660 941 2740 Epp.
954 2662 1002 2722 ed.
1014 2660 1054 2721 de
1063 2661 1167 2722 Wette

238 2742 260 2817 l,
282 2741 382 2821 286),
407 2734 581 2812 ibidemque
607 2734 663 2811 (de
681 2736 785 2799 Wette
807 2740 840 2819 Ι,
863 2744 964 2821 287):
995 2744 1064 2823 „lte
1091 2744 1166 2803 nihil

239 2827 336 2886 ferme
349 2827 381 2884 iu
403 2825 464 2883 isto
476 2816 683 2896 disputatione
697 2828 861 2883 treetotum
875 2839 923 2886 est
944 2828 1054 2887 saltem
1076 2826 1168 2906 digne

240 2917 365 2988 praeter
409 2901 651 2985 propositionem
696 2923 796 2965 meum
842 2908 993 2970 deeimem
1035 2910 1166 2972 tertiam.

240 2993 368 3053 lnterim
402 2999 504 3048 tamen
527 2982 578 3043 ille
607 2983 754 3068 (Eeeius)
780 2990 905 3071 ploret,
937 2991 1105 3073 triumphet
1135 2999 1167 3054 et

217 3067 371 3156 ''regnet,
409 3070 464 3132 sed
487 3066 613 3127 doneo
634 3067 878 3136 ediderimus
911 3096 982 3137 nos
1013 3084 1163 3139 nostro.

239 3157 318 3218 Nam
341 3157 421 3240 quia*
436 3149 517 3213 mele
531 3149 717 3228 disputatum
735 3164 791 3234 est,
814 3159 923 3220 edam
946 3158 1164 3220 resolutio-

239 3259 306 3302 nes
330 3236 489 3300 denuo.“
521 3233 578 3292 Die
611 3238 662 3298 15.
684 3255 722 3298 m.
748 3240 880 3320 Augusti
909 3265 938 3304 a.
963 3241 1164 3306 terestrem

239 3323 402 3404 Spelstino
441 3317 499 3400 (de
522 3314 660 3398 Woltel
690 3341 719 3399 p.
743 3320 823 3403 302)
847 3329 965 3408 sperit:
1008 3324 1163 3404 „Quando

238 3406 297 3468 huo
319 3403 528 3486 disputatione
551 3401 648 3479 magis
671 3409 791 3484 tempus
814 3418 861 3469 est
882 3408 1047 3490 perditum,
1060 3427 1163 3488 ¹quom

237 3493 350 3552 veritos
383 3487 538 3567 quaesite,
576 3483 669 3544 velo
708 3494 1034 3570 propositionum
1068 3513 1163 3554 mee·

237 3593 316 3634 rum
349 3567 620 3633 resolutiones
655 3567 691 3628 in
724 3570 848 3634 lucem
880 3575 991 3655 dere,
1029 3575 1186 3638 conlisus*

207 3717 213 3742 Ι
239 3658 388 3718 maiorem
427 3649 612 3731 cognitionis
651 3649 781 3714 frustum
819 3659 892 3718 hine
931 3668 1163 3739 proventurum,

238 3758 328 3818 quem
362 3740 388 3800 si
426 3734 471 3796 bis
494 3733 611 3811 septies
642 3733 681 3794 sd
702 3735 785 3797 hune
807 3741 931 3802 modum
964 3741 1165 3822 disputetur.“

238 3821 398 3903 Spalotino
432 3820 524 3899 igitur
551 3815 602 3874 ille
634 3819 699 3877 iem·
729 3831 803 3881 ante
825 3825 924 3886 editas
956 3826 1163 3887 resolutiones

238 3905 412 3981 eonsilium,
435 3899 518 3980 quod
538 3898 673 3981 fovebat,
698 3909 729 3964 et
750 3924 839 3988 opus,
862 3907 946 3989 quod
972 3910 1163 3988 moliebatur,

237 3989 391 4050 indioesse
413 3994 445 4048 et
466 4001 631 4045 excusasse
652 3985 797 4068 ridetur,
828 3992 859 4052 id
888 3991 973 4071 quod
1007 3995 1100 4053 etism
1122 4015 1161 4056 ex

237 4071 296 4133 lino
319 4071 412 4134 huius
435 4063 586 4148 epistolae
608 4069 691 4127 oerni
714 4079 835 4151 potest,
870 4079 901 4136 in
928 4092 990 4152 quo
1013 4075 1161 4140 Lutherus

260 4197 355 4239 muers
369 4207 422 4246 opp.
437 4197 464 4238 v.
476 4195 504 4234 n
518 4195 547 4230 ur
560 4195 601 4230 res.
614 4195 665 4230 nus
679 4197 694 4237 l.
708 4209 730 4246 p.
745 4201 795 4241 von
806 4204 848 4242 111.
1021 4181 1060 4240 15
