3075 4775
345 536 409 607 144
563 536 718 606 Disputatio
736 536 846 605 Lipsiae
863 536 956 591 habita
974 552 1000 591 a
1021 535 1081 589 xlx

349 726 459 787 laetari
481 732 514 786 et
532 724 687 805 gaudere,
713 724 776 785 imo
799 726 952 786 sonticum
973 742 1089 787 novum
1112 730 1160 785 est
1180 725 1279 785 uenti-

350 806 419 871 aum
441 809 554 887 oruois,
586 807 648 869 hoo
668 815 732 884 eat,
769 807 897 869 laudare
925 816 957 869 ot
977 815 1101 888 portare
1122 807 1223 869 Deum
1244 810 1277 867 in

350 891 459 955 mediis
483 889 728 953 tribulationibus
750 898 844 970 atque
866 891 946 953 adeo
969 893 1002 951 in
1022 898 1132 954 morte.
1295 902 1297 907 '

434 974 525 1050 Quod
548 976 637 1036 tertio
659 973 788 1034 adduxit
809 993 960 1037 canonem
983 976 1116 1054 Missae,
1145 974 1197 1035 ubi
1219 993 1278 1054 pro

351 1058 503 1121 defunctis
526 1065 650 1120 orantes
671 1058 818 1119 diaimus:
853 1059 1015 1120 Dormiunt
1037 1059 1068 1119 iu
1090 1076 1201 1119 somno
1224 1076 1279 1138 pe·

351 1144 412 1221 oia,
445 1149 476 1203 et
499 1142 660 1222 quieseunt
679 1142 711 1201 in
734 1141 872 1219 Christo,
907 1161 969 1204 nou
993 1141 1090 1222 videt,
1125 1152 1159 1201 ut
1191 1140 1279 1215 dioit,

351 1224 508 1306 quomodo
530 1226 653 1305 possint
673 1224 734 1285 diei
760 1224 894 1301 dormire
922 1227 953 1285 in
976 1244 1087 1287 somno
1115 1226 1216 1305 panis,
1251 1225 1281 1283 si

350 1310 413 1369 sint
441 1310 472 1369 iu
508 1308 561 1369 tali
592 1307 782 1387 turbatione,
824 1315 958 1369 tremore
998 1316 1030 1369 et
1065 1306 1281 1387 inquietudine

351 1394 495 1453 maxima
517 1391 591 1453 Ideo
612 1393 818 1471 interpretans
839 1392 920 1453 hano
931 1394 1065 1471 quietem
1085 1393 1171 1472 panis
1193 1390 1280 1469 diuit,
1376 1452 1379 1466 Ι

352 1474 436 1555 quod
458 1482 641 1555 exspectent
660 1494 768 1536 seoure
789 1476 967 1537 terminum·
980 1495 1054 1536 suae
1075 1475 1280 1556 purgationis.

351 1558 555 1640 Respondeo:
578 1559 650 1619 Nou
671 1558 822 1620 satisfacit
831 1559 905 1621 mihi
915 1558 995 1619 haee
1002 1558 1120 1640 glossa,
1142 1564 1174 1619 et
1192 1556 1281 1619 idem

374 1661 409 1703 er
429 1639 512 1703 idem
532 1643 689 1722 probatur.
731 1642 811 1703 Nam
839 1660 909 1703 essa
930 1660 986 1703 eos
1008 1643 1190 1721 inquietus,
1206 1660 1281 1721 pro-

352 1662 406 1787 dat
436 1724 468 1785 id
496 1725 579 1804 qnod
610 1726 748 1805 sequitur
777 1726 808 1785 iu
843 1725 985 1786 Oenone:
1020 1726 1112 1805 Ipsis,
1135 1726 1281 1802 Domina,

353 1815 384 1868 et
406 1809 547 1870 omnibus
566 1810 598 1869 in
621 1808 742 1870 Christo
764 1808 1008 1887 quiescentibus,
1029 1808 1132 1872 looum
1154 1807 1283 1891 refrige-

353 1892 389 1952 rii
411 1891 488 1953 luais
509 1899 541 1953 et
556 1893 642 1973 paaia
664 1891 800 1973 indulge,
824 1897 855 1951 et
875 1891 960 1971 illud,
982 1891 1064 1971 qnod
1079 1909 1188 1952 omnes
1211 1910 1282 1952 ora-

334 1995 440 2036 Jmus:
466 1975 622 2055 Remriem
637 1983 794 2036 aeternam
816 1975 901 2037 dona
921 1976 977 2054 eis,
997 1976 1141 2037 Domine.
1184 1975 1281 2035 Item:

295 2114 297 2118 .
353 2059 445 2121 Dona
460 2061 506 2120 sis
528 2078 646 2139 paoem,
664 2058 747 2141 quod
765 2077 829 2120 uon
842 2064 946 2139 potest
957 2058 1097 2140 intelligi,
1118 2057 1202 2120 dona
1224 2058 1282 2137 eis,

353 2149 535 2222 exspectare
561 2161 669 2204 aeoure
690 2142 853 2203 terminum
876 2161 950 2203 suae
971 2142 1172 2223 purgationis,
1194 2140 1282 2221 quod

354 2224 391 2285 Ι).
420 2226 456 2288 D.
478 2227 694 2306 interpretatus
717 2234 764 2287 est
787 2245 856 2287 esse
877 2244 995 2307 paoem.
1032 2225 1169 2287 'Boetius
1202 2242 1282 2305 ergo

355 2327 426 2369 meo
456 2308 570 2370 indicio
605 2311 802 2390 requiescunt
821 2310 852 2369 iu
884 2328 982 2392 paee,
1021 2307 1122 2390 quoad
1155 2326 1283 2390 eorpus.

354 2392 496 2490 Dormire
531 2394 614 2490 enim
641 2395 673 2455 in
695 2395 790 2456 saeris
817 2393 913 2490 literis
934 2395 968 2453 in
990 2412 1087 2473 puae,
1126 2391 1284 2489 signifieat

354 2476 901 2640 ttl‘tlpttltollll
914 2475 1308 2638 ttttdtllssftlt

354 2642 586 2722 quodammodo
609 2644 691 2706 tollit
711 2662 831 2724 poenas
853 2645 1038 2724 purgatorii,
1067 2643 1139 2704 dum
1162 2643 1207 2704 eis
1230 2643 1284 2702 tri·

358 2724 425 2788 buit
446 2745 565 2807 paoem.

746 2908 898 2971 Eoeius.

441 3059 522 3136 Quia
534 3059 626 3121 nobis
648 3062 846 3122 constitutum
861 3067 908 3124 est
929 3065 1047 3119 eretum
1070 3069 1190 3142 tempus
1203 3062 1286 3122 hano

357 3145 517 3206 materiem
538 3142 632 3206 hodie
662 3142 805 3222 finiendi,
834 3152 867 3206 ut
888 3161 945 3224 pro
968 3142 1116 3234 qualitate
1135 3147 1285 3206 materiae

357 3227 528 3288 solutiones
542 3226 628 3286 nihili
649 3227 781 3288 refutare
802 3247 865 3290 nou
885 3227 1012 3307 possim,
1035 3233 1066 3288 et
1087 3228 1149 3289 alia
1169 3235 1288 3308 punota

258 3335 262 3346 ·
358 3312 526 3392 purgatorii
553 3311 720 3391 attingere,
746 3311 880 3390 paucula
908 3311 1059 3390 quaedam
1080 3310 1222 3388 afferam,
1252 3320 1288 3372 ut

357 3391 448 3454 laeile
476 3401 663 3474 agnoscatur
690 3395 804 3455 vitasse
837 3392 1038 3456 reverendum
1064 3395 1186 3455 Patrem
1221 3414 1286 3455 ma·

358 3478 453 3539 terias
474 3484 599 3538 nostrae
622 3477 808 3557 medullam,
831 3486 862 3540 et
884 3478 1063 3539 diverticula
1084 3479 1287 3558 quaesivisse.

358 3557 449 3620 Unde
469 3561 568 3639 primo
589 3579 658 3622 oum
669 3561 842 3642 Augustino
865 3561 1009 3622 dixissem
1035 3561 1085 3642 ¹),
1108 3580 1202 3623 omne
1223 3582 1289 3622 ma-

358 3644 447 3704 ritum
470 3643 521 3704 hio
541 3653 754 3726 eomparatur,
778 3651 809 3706 st
831 3645 913 3725 quod
935 3663 1027 3706 nemo
1050 3650 1167 3725 speret,
1201 3645 1289 3724 quod

359 3726 410 3788 hio
436 3726 594 3808 neglexit,
628 3747 697 3789 oum
719 3729 845 3805 obierit,
873 3727 954 3809 apud
976 3727 1074 3789 Deum
1107 3731 1288 3810 promereri.

358 3809 504 3875 Similiter
524 3818 557 3872 et
577 3811 782 3892 Hieronymus
805 3812 896 3892 dieit,
931 3831 965 3873 se
992 3819 1153 3892 utrumqne
1175 3832 1291 3875 oenoe

396 4061 428 4130 1)
449 4062 480 4114 Ιιι
498 4061 541 4115 ad.
561 4062 677 4130 origine
702 4061 885 4116 induxissem.
