3075 4775
568 545 602 584 a
617 526 742 593 dotarii·
759 531 885 603 exceptu,
1112 492 1186 608 'Aba
1206 520 1207 525 ’

1372 636 1373 661 ι

263 704 766 799 connuncupatam.
804 673 1113 797 ornumornum
1134 738 1186 799 pa
1295 682 1302 691 ’

264 802 333 866 titur
354 822 467 881 corpus
488 802 634 863 exanime
655 808 687 864 et
707 819 869 881 exsangue
883 800 1016 865 dormire
1038 802 1068 861 in
1088 802 1185 883 pace?

264 885 352 947 Unde
365 885 632 946 distinctiones'in
654 884 820 948 neotericis
833 883 987 965 theologis
1005 881 1069 953 nbn
1090 886 1184 951 libau

265 977 308 1032 ter
329 969 481 1045 admittit,
512 975 545 1027 et
570 976 672 1030 temen
698 968 824 1048 egregie
848 966 899 1031 hin
921 966 960 1027 de
978 988 1061 1048 ‚pace
1083 969 1187 1035 distin·

265 1053 330 1132 guit
352 1052 490 1132 corporis
505 1057 536 1119 et
556 1052 687 1116 animae.
903 1084 912 1097 =

325 1135 430 1211 Quare
452 1136 553 1197 verior
575 1132 791 1213 amplectenda
813 1139 861 1196 est
882 1130 1044 1212 sententie,
1066 1137 1184 1200 animas

263 1219 442 1299 purgandas
463 1224 495 1279 et
518 1217 651 1278 dormire
672 1218 805 1296 inpane,
828 1224 859 1276 et
881 1217 1039 1296 quiescere
1060 1220 1090 1279 iu
1103 1219 1185 1284 Obri-

263 1310 323 1365 sto.
367 1300 458 1363 Unde
479 1302 566 1380 quies
595 1299 649 1363 illa
677 1305 708 1361 et
729 1320 791 1379 pax
826 1298 1029 1368 turbationem
1053 1303 1185 1380 animae,

262 1385 422 1448 horrorem
446 1391 478 1443 ct
500 1384 586 1462 quasi
610 1382 858 1462 desperationem
882 1381 1026 1458 excludit,
1052 1402 1121 1449 curn
1143 1386 1185 1452 in-

263 1468 473 1546 quietissimae
494 1472 565 1527 sunt
581 1466 713 1545 animae,
734 1484 814 1545 quae
834 1466 893 1529 bac
916 1467 1091 1533 turbatione
1103 1489 1185 1531 meu-

263 1552 301 1611 tis
321 1552 487 1632 agitantur,
507 1557 541 1609 ut
562 1550 648 1628 qnasi
670 1548 844 1628 desperent.

345 1634 395 1697 Ad
417 1633 545 1696 inducta
563 1652 637 1697 vero
666 1652 731 1694 nou
760 1631 1183 1712 impendioprespondernnn:

262 1716 358 1778 Orare
379 1736 438 1778 nos
461 1725 493 1777 et
505 1715 677 1776 obsecrare
698 1714 815 1791 Deum,
849 1724 882 1775 ut
910 1714 962 1776 det
989 1717 1034 1776 eis
1055 1736 1183 1797 *pacem
1199 1734 1218 1781 ·,

262 1820 324 1863 non
347 1818 473 1881 paoem,
494 1818 586 1878 quarn
608 1798 702 1861 modo
724 1798 849 1875 habent,
872 1800 1043 1864 securitatis
1066 1801 1184 1863 seilicet

262 1882 300 1943 de
322 1884 442 1958 salute,
464 1882 520 1943 sed
541 1901 651 1962 pacem
673 1889 850 1958 aeternam,
874 1882 1018 1961 quoniam
1042 1903 1103 1963 pan
1126 1891 1182 1960 eet

263 1964 479 2029 ntBernardus
501 1971 638 2046 testatur,
662 1973 693 2025 et
717 1963 741 2035 af
758 1965 850 2044 culpa
871 1974 903 2029 et
923 1985 942 2028 a
964 1966 1096 2043 miseria.
1121 1966 1183 2033 Det

262 2070 336 2131 ergo
351 2051 435 2111 Deus
458 2048 618 2112 animabus
639 2050 670 2111 iu
692 2050 871 2128 purgatorio
894 2068 1005 2128 pacem
1026 2052 1183 2131 apoenis,

261 2134 340 2195 sicut
362 2132 494 2194 contulit
517 2133 560 2192 eis
582 2133 712 2212 gratiam
735 2139 843 2193 contro
865 2138 1002 2212 peccata,

342 2216 447 2292 Quare
473 2214 576 2277 adhuc
600 2232 675 2280 vera
701 2221 733 2275 et
761 2216 949 2279 inconcussa
985 2222 1032 2281 eat
1060 2217 1183 2294 veritae,

208 2351 212 2359 ,
260 2302 378 2361 animas
408 2301 439 2359 in
469 2299 645 2379 purgatorio
674 2316 737 2360 nan
766 2300 851 2376 qnasi
881 2297 1046 2377 desperare
1075 2299 1115 2361 de
1137 2320 1183 2361 sa·

261 2383 332 2446 lute.

582 2581 622 2642 M.
660 2581 863 2641 liutherus.

342 2747 462 2808 Gontm
492 2746 663 2809 solutiones
690 2747 820 2827 replicet
845 2748 989 2828 egregius
1018 2747 1053 2812 D.
1075 2748 1110 2810 D.
1142 2763 1182 2808 en

263 2828 436 2911 Augustino
459 2829 597 2890 dicente:
624 2829 725 2890 Omne
746 2831 885 2892 meritum
907 2830 957 2890 hio
979 2837 1183 2910 comparetur,

262 2920 353 2992 atque
375 2920 490 2993 agente
510 2913 550 2974 de
572 2915 759 2994 purgatorio,
783 2913 864 2992 quod
887 2919 959 2992 post
983 2921 1111 2973 mortem
1135 2930 1182 2974 so-

262 2996 321 3058 lnm
345 2997 547 3076 recipiamus,
578 2997 662 3075 quod
684 2997 811 3077 egimus.
854 2996 1041 3077 Respondeo
1070 2997 1183 3060 brevis·

261 3083 353 3142 sime:
377 3079 461 3159 Ergo
483 3098 547 3140 non
564 3087 614 3139 cst
633 3081 863 3160 purgatorium,
892 3087 944 3140 aut
971 3081 1182 3160 purgatorium

262 3165 325 3243 erit
348 3162 433 3242 quod
456 3164 599 3242 recipitur
620 3160 677 3242 pro
689 3165 753 3223 vita
763 3165 936 3242 praeterita.
963 3161 1068 3238 Quare
1088 3170 1182 3243 patet,

261 3247 467 3330 Augustinum
490 3265 553 3305 non
575 3263 670 3325 posse
690 3246 730 3306 de
750 3247 929 3327 purgatorio
951 3246 1090 3326 inteiligi.
1112 3247 1181 3306 Non
1233 3297 1239 3318 ,

261 3330 342 3391 enim
365 3329 428 3388 hoo
450 3336 579 3408 egerunt
599 3331 630 3388 in
652 3331 715 3390 vita
728 3332 902 3409 praeterita,
925 3336 958 3389 ut
973 3331 1180 3410 purgatorium

261 3416 445 3493 reciperent.
467 3411 649 3491 Quanquam
672 3420 704 3472 et
724 3413 803 3481 haec
818 3414 965 3472 autoritas
987 3414 1182 3493 mihi'patro·

260 3498 395 3567 emetur,
425 3495 509 3572 qnod
537 3497 695 3573 meritum,
727 3515 790 3576 quo
813 3502 967 3557 uterentur
988 3498 1103 3574 iuvari,
1133 3497 1183 3556 irie

203 3585 209 3594 “
260 3585 448 3640 meruerunt.
482 3577 550 3658 Ego
577 3582 680 3639 cutem
705 3577 814 3640 'fateor
840 3579 1013 3658 intelligere
1031 3599 1090 3644 ,me
1118 3596 1181 3640 non

261 3681 366 3742 posse,
390 3660 548 3742 quomodo
567 3663 709 3721 inventur
729 3664 852 3722 animae
875 3663 905 3720 in
926 3665 1122 3746 purgatorio,
1152 3668 1183 3722 et

261 3746 431 3807 liberentur
458 3744 576 3822 absque
603 3746 666 3805 ulio
696 3762 822 3806 munere
845 3745 977 3824 gratiae,
1005 3745 1180 3824 per-sotum
1209 3791 1211 3795 2

217 3886 221 3895 ,
262 3829 651 3907 αὓΙαΐὶθιιοιιιροθιιαηηη,
674 3828 828 3908 intelliget
851 3829 901 3907 qui
925 3835 1036 3907 potest.

280 3905 289 3928 Χ
344 3909 465 3971 Deinde
486 3910 568 3990 dicit,
589 3911 650 3973 hoc
670 3911 780 3971 falsum
804 3930 883 3989 esse,
907 3910 1038 3970 venialia
1051 3928 1114 3970 non
1136 3927 1181 3968 re·

263 3995 342 4058 mitti
363 3994 431 4054 sino
452 4001 619 4074 augmento
641 3995 768 4074 gratioe.

246 4081 249 4087 '
341 4075 476 4154 Quando
498 4096 572 4160 ergo
594 4076 660 4139 vult
670 4077 708 4140 D.
722 4077 774 4153 D„
787 4075 875 4157 'quod
898 4073 1031 4135 venialia
1052 4079 1181 4150 poterut

1324 3554 1344 3588 Ο
