3075 4775
335 532 402 601 ,174
492 500 501 523 ¹
545 532 697 603 ursanum
714 532 823 602 upana
841 533 935 589 usur·
951 549 982 587 s,
996 531 1058 587 rrx

341 719 417 799 quid
435 718 516 783 haas
535 715 633 781 verba
653 716 693 813 D.
714 716 751 777 D.
774 716 879 813 uelint,
906 734 976 813 auur
999 718 1065 781 sine
1087 710 1193 782 dubio*
1206 736 1269 798 par

338 807 693 961 multati?
712 799 1267 965 tttttltllsttttstntt

340 971 411 1033 tiae.
453 967 538 1031 lntar
559 984 638 1047 quos
658 972 742 1029 uerte
762 972 835 1027 sunt
855 966 937 1029 bona
956 985 1063 1047 opera,
1083 966 1264 1047 eleemosy-

339 1070 409 1131 nae,
432 1052 600 1129 orationes,
620 1049 745 1120 ieiunia,
767 1049 891 1129 vigiliae
911 1058 943 1113 et
963 1050 1082 1114 similia.
1105 1048 1264 1133 Adrquod

341 1142 390 1200 est
410 1153 574 1215 expressus
596 1139 696 1193 textus
719 1131 772 1193 lib.
794 1136 823 1197 ὁ.
846 1150 929 1212 asp:
965 1131 1043 1195 (lum
1064 1152 1105 1195 en
1127 1152 1182 1211 eo,
1205 1132 1264 1195 ubi

340 1236 423 1301 papa
456 1217 548 1296 dicit,
581 1234 637 1297 per
666 1212 848 1277 indiseretas
877 1214 1083 1297 indulgentias
1116 1217 1264 1279 enervari

339 1299 594 1383 poenitentialem
615 1297 880 1377 satisfactionem,
903 1308 934 1359 et
955 1318 1063 1361 omnes
1084 1300 1192 1361 Bullaa
1214 1300 1264 1361 in-

340 1384 566 1465 dulgentiarum
588 1381 685 1443 ferme
705 1380 788 1443 hano
800 1380 968 1445 clausulam
990 1380 1120 1445 habent:
1142 1382 1190 1443 De
1212 1382 1263 1443 ia-

339 1469 450 1529 iuuetis
471 1464 668 1546 poenitentiis
690 1463 873 1525 relaxamus.

400 1549 464 1611 Sed
476 1567 545 1630 age,
566 1547 650 1625 dato,
672 1546 756 1626 quod
778 1552 1059 1628 essentpoenaset
1073 1566 1261 1627 nonopera„

341 1632 521 1713 dieopeius
544 1649 623 1710 esse,
645 1632 758 1691 remitti
778 1648 913 1711 poenas,
935 1648 1026 1710 quam
1048 1648 1158 1711 opera,
1183 1649 1261 1693 aum

232 1740 236 1750 ¹
344 1717 410 1779 vita
429 1716 555 1796 passiva
581 1719 615 1774 et
641 1731 783 1794 poenosa
811 1713 879 1795 plus
910 1711 1049 1793 perficiat
1077 1722 1129 1775 aut
1148 1715 1261 1796 prosit,

342 1818 435 1879 quam
465 1816 550 1858 mera
576 1798 692 1873 autiss,
730 1802 764 1857 ut
784 1796 953 1876 Apostolus
982 1798 1008 1858 2.
1037 1795 1173 1859 Corinth.
1201 1798 1261 1860 12:

344 1883 420 1943 Cum
441 1879 598 1959 infirmor,
617 1887 693 1941 tuna
711 1879 819 1941 fortior
841 1898 917 1941 sum.
960 1879 1065 1941 Parius
1093 1886 1141 1941 est
1173 1880 1259 1941 enim
1365 1892 1368 1895 ’

343 1985 439 2046 opus,
474 1963 559 2045 quod
580 1962 650 2025 solo
670 1963 740 2024 Deo
763 1968 929 2043 operante,
950 1962 1040 2025 nobis
1061 1962 1262 2043 patientibus,

339 2047 509 2129 perficitur,
525 2051 621 2126 'quam
643 2046 726 2124 quod
748 2044 838 2107 nobis
860 2045 1096 2125 cooperantibus
1117 2044 1260 2125 affinitur,

338 2133 424 2191 iuxta
445 2129 519 2191 illud
540 2130 687 2192 Deutero.
708 2131 763 2195 32:
795 2128 1053 2208 Egoperoutiam
1075 2134 1107 2191 et
1124 2128 1266 2206 sacrabo,¹

339 2212 479 2276 eamdam
503 2221 535 2274 et
555 2209 727 2287 vivifiaabo.
746 2210 848 2286 Quare
869 2211 908 2271 ad
930 2229 1055 2273 sensum
1079 2212 1197 2293 egregii
1219 2212 1260 2277 D.

339 2297 378 2358 D.
399 2298 488 2376 plura
508 2292 641 2356 absrrrda
661 2302 829 2374 sequuntur
849 2314 890 2359 ax
918 2293 1133 2375 indulgentiis,
1162 2313 1257 2374 quam

279 2429 284 2436 ,
338 2378 379 2440 ad
406 2399 507 2442 meum
536 2398 678 2458 sensum,
705 2387 738 2440 et
760 2397 838 2440 sans
868 2378 995 2457 neseio,
1023 2399 1064 2442 au
1096 2378 1259 2442 verissime

339 2463 451 2526 diuam.
1098 2499 1101 2506 =
1149 2513 1152 2518 .

400 2543 552 2624 Secundo,
573 2563 637 2606 non
656 2550 764 2624 potest
785 2543 984 2622 ooneordare,
1009 2543 1092 2624 quod
1113 2543 1188 2622 dixi,
1212 2544 1258 2606 iu·

338 2629 511 2711 dulgentias
523 2628 623 2690 solum
629 2629 724 2708 pigris
733 2644 804 2689 esse
811 2627 908 2706 datas,
928 2634 1101 2690 etnanouas
1115 2625 1270 2690 similiter'

338 2719 455 2774 tantam
466 2711 563 2792 pigris
572 2712 744 2791 impositos.
756 2709 931 2772 DieorNon
939 2709 1258 2792 merainimedixisse,

338 2815 476 2860 mounes
496 2813 568 2857 esse
589 2795 683 2875 pigris
704 2795 889 2874 impositos,
911 2795 937 2854 si
955 2801 1060 2860 autam
1082 2793 1155 2872 dixi,
1186 2811 1258 2858 seu·

337 2901 388 2946 aus
410 2897 497 2942 meus
516 2887 575 2962 est,
595 2876 679 2958 quod
699 2878 816 2939 strenui
838 2883 870 2938 et
887 2876 1042 2940 ferventes
1062 2877 1128 2940 sive
1147 2879 1257 2957 poeni·

221 3004 223 3008 ,
260 2977 264 2984 ‘
337 2972 436 3043 tentes
458 2963 527 3043 plus
546 2961 670 3038 haunt,
690 2979 784 3040 quam
807 2978 942 3046 annones
962 2961 1100 3043 exigunt.

419 3046 541 3124 Tertio,
568 3043 726 3106 aontendit
757 3061 811 3104 eas
832 3062 902 3107 asse
920 3044 1111 3106 necessarias
1139 3041 1180 3104 sd
1205 3063 1257 3106 sa·

338 3129 553 3274 Lpitessffllelffla
573 3125 699 3208 expedit
720 3144 829 3206 nosse,
850 3146 890 3244 an
911 3133 1124 3208 promoveant,
1144 3145 1257 3206 neone,

420 3295 487 3354 Dtsi
507 3313 571 3355 non
591 3292 732 3371 fateatur,
754 3291 946 3353 necessarias
968 3309 1037 3352 esse
1059 3290 1253 3371 adsalutem,
1375 3342 1376 3372 ,

337 3377 463 3459 expedit
488 3384 591 3437 tamen
619 3375 718 3455 seire,
751 3380 956 3454 promoveant
981 3369 1024 3434 adl
1050 3374 1179 3434 salutem
1209 3379 1254 3454 ¹),

259 3524 262 3540 Ι
337 3479 447 3523 neone.
487 3457 695 3540 Respondeo:
717 3475 776 3517 neo
796 3459 857 3520 hoe
878 3458 1140 3518 estneoessar‘nrm
1163 3458 1255 3536 seire,

338 3543 394 3604 sed
415 3545 441 3603 si
463 3549 611 3603 nocerent
632 3541 738 3621 saluti3
765 3558 829 3602 non
860 3541 942 3602 enim
971 3542 1254 3620 estneoessarium

336 3629 415 3688 seire
436 3646 499 3687 non
521 3625 697 3686 necessaria
717 3623 757 3686 ad
779 3623 919 3685 salutern.

403 3711 515 3788 item,
537 3706 620 3789 quod
641 3709 778 3787 interest,
800 3725 839 3767 an
861 3727 943 3788 papa
963 3727 1018 3789 per
1038 3707 1146 3768 merita
1168 3706 1254 3768 Chri-

336 3797 375 3857 sti
393 3795 494 3876 possit
514 3792 682 3871 remittere,
711 3791 817 3854 neseio
844 3792 884 3854 an
905 3791 1033 3852 intersit.
1062 3789 1115 3856 ,De
1138 3791 1254 3852 meritis

338 3878 450 3940 Christi
471 3880 590 3958 postea.
721 3876 725 3885 ⁴
1100 3902 1105 3908 ·

346 4079 350 4086 ·
390 4061 467 4130 131n
486 4057 532 4114 ed.
550 4057 666 4126 origin:
691 4057 876 4148 promoveant
890 4051 1012 4134 'salutem
1029 4065 1125 4130 neme.
1214 4053 1217 4060 '
