3075 4775
352 547 415 615 ΒΜ
600 549 619 602 l.
639 549 745 603 &urio
763 549 796 601 D.
817 550 894 603 Hert.
915 549 993 601 tutu.

303 742 307 754 ’
352 734 445 793 etism
467 750 550 793 nuno
569 753 629 796 aue
652 754 722 795 cum
743 737 869 797 bomine
880 744 951 795 sunt
963 742 1102 815 peccota,
1127 741 1159 794 et
1180 749 1275 793 resur
1379 734 1380 737 ’

352 818 432 877 rexit
446 816 550 877 homo.
574 819 689 879 Verum
703 826 850 897 quantum
873 818 910 878 ad
935 838 1012 899 opus
1035 820 1154 895 attinet,
1178 834 1275 877 sacre-

353 901 447 963 rueuti
469 898 597 962 effectus
620 902 755 963 nondum
779 903 914 981 perfecte
936 912 984 961 est
1005 902 1186 976 absolutos,
1218 900 1276 959 boc

353 990 416 1061 est,
450 1001 532 1043 mors
555 992 586 1045 et
607 986 789 1045 resurrectio
814 988 843 1044 iu
867 987 1038 1045 novissimo
1067 984 1118 1043 die
1139 982 1276 1042 nondum

353 1074 423 1127 suut
444 1066 535 1145 facta,
557 1068 612 1128 sed
633 1068 718 1128 fient.

435 1149 577 1230 Octavo,
606 1152 699 1211 bomo
721 1154 813 1232 igitar
835 1152 1099 1211 sacramentaliter
1120 1150 1158 1211 ab
1183 1150 1278 1210 omui·

353 1233 409 1292 bus
432 1236 568 1312 peccatis
590 1235 721 1295 mundus
742 1243 775 1295 et
795 1235 945 1297 innocens
966 1240 1022 1309 est,
1045 1234 1106 1294 hoc
1127 1244 1192 1308 est,
1219 1233 1276 1311 sig·

353 1336 425 1378 uum
454 1315 590 1377 divinum
614 1319 721 1394 hebet,
751 1318 833 1397 quod
864 1316 1033 1399 significat,
1062 1316 1145 1395 quod
1174 1319 1277 1379 omnis

352 1401 449 1479 ipsius
472 1408 600 1479 peccate
615 1411 736 1462 mortua
756 1420 826 1461 esse
848 1401 991 1479 debeant,
1013 1402 1131 1480 etvipse
1153 1417 1277 1479 quoque

353 1482 484 1546 feliciter
513 1486 590 1543 mori
619 1492 651 1543 et
672 1484 796 1544 tandem
819 1486 850 1544 in
881 1484 1051 1545 novissimo
1073 1482 1124 1543 die
1147 1482 1277 1542 muudus

354 1566 393 1626 ab
415 1567 557 1626 omnibus
583 1568 718 1647 peccetis
747 1584 908 1647 resurgere
934 1567 973 1626 sd
999 1571 1157 1627 aeternam
1185 1568 1276 1627 vitam

354 1648 474 1711 debeat.
487 1649 641 1723 Quantum
664 1652 757 1730 igitur
777 1650 816 1711 ed
838 1660 1063 1711 sacramentum
1088 1651 1207 1724 attinet,
1230 1666 1278 1709 ve

353 1750 419 1791 rum
443 1739 499 1806 est,
522 1733 604 1811 quod
627 1736 949 1813 simassinepecosto.
971 1734 1095 1811 Verum,
1118 1752 1187 1791 cum
1204 1752 1278 1791 uou-

354 1815 426 1875 dum
453 1816 607 1895 perlectus
635 1818 674 1877 sit
696 1818 880 1897 baptismus,
911 1823 943 1877 et
970 1834 1026 1877 uos
1049 1817 1150 1877 cdbuo
1172 1818 1204 1875 in
1227 1816 1279 1874 illa

354 1917 447 1958 carne
469 1899 708 1981 plenapeeoetis
726 1903 831 1979 simne,
854 1908 967 1981 coepte
988 1908 1104 1960 tautum
1128 1900 1183 1958 ille
1196 1898 1279 1958 Obri-

354 1983 454 2042 stiana
475 1984 652 2045 innocentia
674 1990 730 2061 est,
754 2002 816 2043 uon
842 1984 934 2043 etiam
959 1983 1109 2043 absoluta.

436 2066 601 2146 Postquam
624 2067 717 2147 igitur
738 2066 910 2127 adoleverit
929 2067 1042 2144 bomo,
1064 2073 1126 2126 tum
1150 2084 1185 2123 se
1208 2084 1278 2145 pec·
1304 2134 1313 2149 ἱ

354 2149 452 2209 catrix
473 2156 583 2209 nature
605 2152 732 2227 exserit,
757 2159 823 2209 tum
846 2168 879 2209 se
902 2148 1003 2231 prodit
1026 2149 1279 2227 concupiscentia

354 2239 386 2290 et
407 2230 619 2312 affectnsiree,
641 2233 714 2313 odfi,
737 2232 881 2309 libidinis,
904 2233 1028 2310 amoris,
1050 2233 1209 2307 avaritiae,
1232 2250 1280 2289 su·

354 2314 495 2395 perbiae,
518 2318 596 2375 etsi
618 2318 667 2396 qui
689 2328 760 2375 sunt
783 2317 908 2394 similes,
933 2333 1062 2396 quorum
1087 2314 1189 2374 nullus
1211 2333 1280 2374 sen-

354 2399 476 2475 tiretur,
500 2401 575 2459 siin
599 2407 793 2461 sacramento
817 2401 958 2460 demersa
980 2406 1010 2459 et
1032 2407 1152 2460 mortue
1176 2399 1281 2458 omnis

352 2490 482 2561 peccata
503 2490 616 2545 essent.
645 2485 758 2543 Verum
783 2483 935 2563 baptismo
957 2489 1153 2562 peecatorum
1178 2483 1281 2553 morti·

352 2563 457 2626 ficatio
478 2573 595 2626 tantum
619 2567 793 2647 significata
813 2574 874 2643 est,
908 2565 1044 2627 nondum
1067 2567 1191 2645 penitus
1214 2584 1280 2643 per·

353 2649 452 2728 iacta,
486 2649 641 2728 perficitur
672 2659 774 2709 cutem
802 2669 858 2729 per
880 2657 1009 2710 mortem
1031 2655 1062 2709 et
1083 2649 1280 2708 resurrectio-

322 2734 326 2742 “
354 2750 423 2792 nem
447 2733 478 2792 iu
501 2735 669 2793 novissimo
691 2733 749 2793 die.
780 2733 831 2793 sis
852 2733 881 2795 Β.
906 2733 1017 2792 Paulus
1040 2733 1128 2792 Rom.
1150 2731 1180 2796 7.
1203 2732 1280 2790 item

353 2816 461 2895 reliqui
484 2814 587 2876 Sancti
610 2835 718 2878 omnes
749 2836 817 2876 cum
853 2835 890 2876 eo
913 2823 1094 2895 queruntur,
1115 2833 1149 2875 se
1172 2833 1281 2894 peeca-

355 2908 437 2960 tores
460 2917 538 2969 esse,
560 2908 593 2959 et
612 2902 643 2958 vi
664 2901 795 2960 nstursli
817 2899 856 2959 ed
873 2899 1063 2979 peccandum
1077 2901 1152 2979 rapi,
1175 2915 1280 2977 quam-

355 2984 401 3041 vis
423 2983 568 3063 baptizati
591 2991 623 3042 et
643 2985 741 3045 suncti
763 2990 878 3042 esseut.
901 2983 1011 3056 Quoad
1033 2983 1115 3042 enim
1132 2983 1280 3058 sivimus,

249 3081 255 3088 “
355 3066 513 3143 sentimus,
536 3066 618 3144 quod
642 3075 750 3126 natura
772 3067 905 3128 feramur
927 3065 966 3126 ad
987 3064 1191 3145 peccandum.

438 3147 548 3226 Nono,
576 3167 706 3228 quaeres
734 3150 840 3230 igitur,
871 3149 943 3228 quid
974 3150 1071 3229 prosit
1100 3148 1281 3228 baptismus,

356 3249 424 3290 cum
445 3251 509 3293 non
533 3227 630 3292 totuin
652 3243 812 3312 peccatum
836 3232 941 3307 tollat,
974 3240 1006 3292 et
1027 3231 1151 3292 abluat?
1197 3230 1282 3290 Haec

355 3317 495 3394 quaestio
520 3317 718 3377 occasionem
741 3315 835 3397 dabit,
859 3323 892 3376 ut
913 3315 1131 3395 intelligamus,
1155 3314 1281 3393 etquid

316 3455 319 3458 ,
355 3399 395 3458 sit
415 3399 594 3478 baptismus,
616 3401 737 3479 etquis
759 3401 824 3460 eius
846 3417 937 3460 verus
961 3417 1039 3460 usus.
1077 3398 1113 3458 Iu
1136 3397 1282 3476 baptismi

355 3483 436 3541 euim
459 3492 652 3544 sacramento
675 3485 756 3544 Deus
780 3491 880 3544 tecum
903 3483 1012 3542 foedus
1042 3483 1154 3562 iungit,
1194 3488 1227 3540 et
1249 3499 1282 3540 se

356 3565 410 3709 tipi
445 3567 592 3627 conciliet
617 3567 742 3628 foedere
767 3575 800 3628 et
826 3567 944 3646 gratiss
987 3573 1018 3626 et
1055 3565 1282 3625 consolationis

356 3668 459 3729 peno.

437 3734 551 3805 Primo,
574 3735 657 3812 quod
679 3734 862 3814 baptismum
886 3743 917 3794 et
940 3734 1000 3793 hoc
1022 3733 1105 3812 quod
1126 3731 1285 3811 siguificat

356 3819 475 3898 expetis
498 3825 530 3876 et
553 3826 701 3896 exoptes,
729 3817 888 3896 videlicet,
918 3827 950 3876 ut
970 3837 1032 3880 uua
1054 3835 1121 3876 oum
1145 3815 1284 3895 peccatis

355 3901 575 3961 intermoriaris
597 3908 628 3958 et
650 3903 865 3961 innovissimo
881 3899 1101 3979 dicrefiugaris
1127 3898 1175 3980 (id
1200 3899 1292 3958 (snitu¹

356 3985 525 4064 baptismus
548 3983 730 4062 significet),
751 3985 813 4045 hoc
833 3986 863 4044 in
885 3992 917 4046 te
937 3983 1050 4064 probet
1070 3984 1163 4062 Deus,
1188 3989 1218 4042 et
1246 3983 1284 4041 si»

358 4068 403 4128 uit
423 4075 456 4127 tc
476 4067 644 4146 baptizari,
672 4071 837 4148 statimque
860 4089 877 4128 a
899 4069 1053 4147 baptismo
1077 4075 1107 4128 te
1129 4068 1284 4150 refingerc
