3075 4775
346 503 410 571 264
576 504 669 559 llsool
688 504 716 559 L
734 517 818 575 super
836 504 1022 573 Pronoutuon.

350 714 413 757 uon
436 692 648 757 insultabitur
683 710 789 755 soram
823 692 937 755 indioio
960 693 1018 755 Dei
1045 698 1090 754 ¹ut
1115 691 1272 755 hinniat.

351 779 413 840 Gur
433 776 505 855 hos,
526 776 665 857 quaeso?
684 776 716 839 si
740 768 952 858 sino'peooato
965 778 1055 838 autin
1067 795 1163 857 opere
1175 775 1273 850 bono,

351 880 414 923 non
437 868 542 941 potest
564 860 703 921 damnari
726 879 744 920 a
769 860 859 935 Deo,
896 862 949 939 qni
968 862 1084 921 iustitia
1111 866 1161 919 est
1190 861 1274 938 'ipsa

351 944 424 1005 nihil
449 944 546 1025 magis
569 963 693 1022 amaus,
716 962 807 1023 quam
828 945 992 1024 iustitium,
1013 962 1072 1004 nso
1092 942 1274 1019 timendum,

352 1027 433 1108 quod
455 1028 552 1087 iustus
574 1027 667 1089 iudex
688 1028 835 1088 iustitiam
857 1026 992 1105 damnet,
1015 1029 1046 1090 si
1062 1032 1164 1087 autam
1188 1025 1275 1086 dam-

298 1144 302 1153 ·
352 1118 458 1186 natur,
490 1112 554 1187 iam
574 1112 640 1171 uine
664 1118 794 1190 psoouto
817 1114 966 1188 nonest,
989 1109 1276 1191 etoontrulegem

275 1216 278 1231 ·
353 1196 412 1257 Dsi
447 1194 601 1255 invenitur
634 1194 745 1274 egisse.
788 1192 858 1254 Nou
891 1195 972 1254 enim
1002 1193 1182 1271 damnatur,
1215 1192 1277 1252 nisi

352 1275 818 1359 wfflffimfflm

436 1358 526 1435 Quod
558 1361 583 1419 si
616 1362 642 1420 is
663 1378 727 1421 non
749 1358 962 1441 iustificabitur
996 1357 1027 1420 in
1060 1358 1173 1419 iudioio
1205 1358 1278 1437 Dei,

355 1444 407 1523 qui
430 1462 536 1503 servus
558 1442 615 1502 Dei
637 1450 695 1519 est,
717 1460 777 1503 neo
799 1460 907 1503 ornnes
928 1444 1079 1520 viventes,
1100 1444 1180 1503 inter
1196 1460 1279 1519 quoe

354 1544 481 1587 neeesse
493 1525 973 1604 estsauotissimosaliquotessa,
984 1526 1277 1587 sieoolssiamsana
1301 1566 1306 1576 ·

355 1618 427 1685 tam,
442 1608 623 1669 Sanctorum
641 1610 889 1671 communionem
910 1610 939 1668 in
952 1610 1159 1669 terris'vivsre
1181 1608 1278 1669 aredi-

356 1712 433 1769 mus,
455 1693 505 1771 qui
518 1698 620 1753 tumen
634 1692 734 1772 legem
757 1691 896 1772 implent3
921 1692 1020 1769 qualis
1031 1699 1121 1772 putus
1131 1692 1217 1751 luror
1230 1693 1280 1751 est

358 1794 483 1849 eorum,
519 1776 570 1853 qui
599 1776 675 1836 oltra
696 1776 826 1855 gratiam
848 1784 883 1835 et
901 1781 990 1835 extra
1011 1777 1174 1835 eeclesiam
1195 1776 1278 1834 insa·

358 1860 460 1932 niunt,
497 1858 597 1939 legem
620 1877 714 1938 posse
735 1857 856 1937 implori
879 1878 918 1917 ex
938 1857 1128 1920 naturalibus
1151 1858 1281 1932 viribus,

359 1941 461 2019 quoad
486 1948 582 2001 totam
608 1941 809 2001 substantium
833 1941 915 2019 faeti,
938 1941 1010 2001 lioet
1032 1960 1095 2002 nou
1117 1940 1157 2001 ad
1178 1941 1280 2001 intau-

358 2026 475 2085 tionem
498 2024 736 2105 praeoipientis?
759 2022 808 2083 Ad
831 2023 901 2101 hoo,
923 2030 957 2083 ut
976 2023 1084 2085 iturum
1107 2024 1146 2084 ad
1169 2025 1281 2084 arlinu-

357 2108 419 2167 lum
432 2107 618 2167 Hussitioum
632 2108 833 2190 Constantine
846 2106 1024 2169 damnatum
1040 2107 1173 2183 redeam,
1183 2124 1280 2185 quan-

356 2198 403 2250 tus
427 2209 510 2251 error
533 2201 597 2271 ast,
631 2197 731 2250 aetum
755 2197 896 2250 neutrum
919 2197 951 2250 et
970 2210 1034 2252 uon
1056 2191 1172 2251 malum
1194 2191 1279 2250 inve

356 2270 555 2351 uiridibus,
578 2272 701 2352 quando
719 2279 805 2333 aetus
818 2274 966 2333 iustorum
979 2293 1041 2334 non
1065 2279 1113 2335 est
1133 2272 1279 2332 iustifica-

355 2355 543 2418 bilis'oorum
558 2356 648 2417 Deo?
669 2354 787 2432 Quibus
804 2361 889 2416 reete
899 2355 974 2417 illud
988 2357 1101 2421 larem.
1114 2356 1192 2429 49¹)
1218 2356 1280 2417 diei

276 2452 277 2456 ’
358 2445 475 2518 potest:
498 2439 581 2500 Eoos
603 2439 710 2518 quibus
732 2439 878 2500 iudicium
895 2459 962 2501 nou
984 2448 1060 2515 erat,
1081 2440 1292 2516 utbiberent,·

353 2521 491 2582 bibentes
513 2522 634 2597 bibent,
667 2531 699 2584 et
718 2531 751 2583 tu
773 2524 923 2584 innocens
950 2523 1031 2583 eris?
1052 2523 1121 2584 Non
1150 2525 1210 2583 sris
1232 2525 1278 2582 in·

352 2624 485 2680 noaens3
506 2611 538 2666 et
560 2610 587 2668 1.
610 2606 676 2668 Pet.
698 2607 737 2668 4:
760 2606 793 2667 Si
813 2607 910 2666 iustus
930 2608 983 2666 vix
1004 2606 1182 2685 salvabitur,
1204 2625 1276 2686 peo-

352 2695 440 2748 astor
462 2689 627 2768 olimpius
651 2689 702 2748 ubi
723 2689 896 2769 parebunt?
1054 2708 1055 2713 ’

438 2771 481 2831 ut
500 2770 572 2833 vide
594 2779 742 2851 monstra,
764 2790 844 2851 quae
863 2773 936 2832 bino
956 2780 1134 2852 sequuntur.
1176 2772 1277 2852 lmpio

351 2861 440 2915 extra
460 2857 589 2934 gratiam
622 2857 653 2916 in
677 2875 733 2916 suo
756 2875 851 2935 opere
872 2855 956 2916 bono
978 2856 1114 2917 tribuunt
1143 2874 1203 2914 neo
1226 2875 1277 2914 ve-

353 2937 435 2998 niale
457 2945 635 3017 pennatum,
670 2937 724 2999 sed
762 2938 959 3000 solummodo
988 2958 1051 2999 non
1075 2937 1277 3011 meritorium,
1372 2932 1373 2949 ¹

351 3039 419 3080 uum
441 3021 492 3080 bio
513 3022 594 3081 iusto
616 3022 647 3081 in
672 3040 765 3101 opere
786 3013 870 3083 boiro
894 3021 1041 3082 tribuatur
1063 3022 1143 3083 adeo
1166 3039 1276 3100 peona-

245 3105 247 3122 *
351 3112 425 3180 tum,
447 3111 489 3181 ut,
512 3105 536 3164 si
558 3104 671 3166 iudioio
683 3103 740 3164 Dei
760 3107 893 3183 sistatur,
915 3125 979 3174 non
1001 3106 1100 3186 possit
1113 3102 1274 3165 iustificari

353 3186 430 3259 (hoo
447 3192 502 3264 est,
525 3187 655 3247 mortulo
675 3191 707 3248 et
718 3187 924 3257 damnabile).
947 3187 1071 3264 Quanto
1085 3207 1160 3268 ergo
1175 3189 1275 3268 magis

350 3271 434 3349 impii
448 3289 543 3349 opera
555 3269 638 3331 bons
652 3276 723 3330 sunt
736 3270 922 3332 damnabilis
937 3280 969 3332 ot
985 3271 1137 3348 mortalia,
1159 3289 1274 3350 nequa·

314 3366 316 3370 ’
352 3371 444 3430 quam
465 3353 613 3413 neutralia
635 3372 689 3414 ssu
709 3353 820 3415 media
843 3353 883 3414 Ilt
892 3353 993 3416 adhue
1008 3355 1188 3436 gloriantur,
1210 3356 1276 3415 the-

350 3435 486 3516 ologiam
499 3435 714 3502 soholsstiaam
731 3457 794 3498 non
807 3455 875 3497 esse
893 3444 1002 3499 eontra
1022 3437 1213 3518 theologiam
1227 3458 1275 3498 aa·
1335 3447 1338 3454 ‘

352 3519 446 3596 o'ram,
467 3536 535 3580 oum
557 3519 616 3579 hae
628 3521 748 3581 ratione
766 3520 877 3581 melior
890 3529 972 3581 esset
983 3521 1275 3601 oonditiopeooato-

349 3602 399 3676 ris,
412 3619 503 3679 quam
519 3602 599 3679 iusti,
613 3603 663 3662 ubi
676 3603 797 3664 illenon
811 3612 963 3682 peooaret,
977 3606 1077 3684 inquo
1090 3606 1189 3664 iustus
1203 3623 1274 3684 psa

348 3690 440 3746 oaret.
479 3683 558 3744 Hino
586 3686 646 3746 iam
676 3685 825 3764 videmus,
854 3687 936 3771 unde
963 3687 1059 3748 fluant
1086 3686 1117 3748 S.
1145 3693 1268 3767 patrum

347 3767 528 3832 sententias.
616 3824 618 3828 ,
879 3789 882 3792 ’

428 3849 616 3929 Augustinus
629 3851 681 3912 lib.
704 3855 732 3916 9.
747 3849 905 3916 Centena:
925 3853 992 3914 Vae
1008 3853 1167 3916 bominum
1181 3855 1273 3934 vitae,

550 3971 771 3982 ——-.-...-—-

384 4022 416 4087 1)
436 4021 468 4076 Iu
489 4020 551 4076 edd.
572 4023 643 4091 orig.
663 4021 815 4079 deest149.
