3075 4775
488 553 629 624 parandas
646 557 756 610 animus
777 555 812 608 ad
832 559 959 611 mortem.
1137 553 1199 619 465

277 741 388 803 Merito
409 741 503 821 igitur
522 741 576 801 ilie
589 741 696 802 Deum*
709 740 826 802 amabit
847 748 879 802 ct
901 742 1098 823 praedicabit,
1122 763 1200 805 mors

277 832 339 885 tem
368 829 479 886 merito
511 843 579 884 cum
611 842 725 905 magna
750 826 844 885 animi
874 825 992 886 laetitia
1025 827 1138 888 subibit
1163 829 1200 906 ie,

277 910 326 968 cui
349 927 405 989 per
425 909 554 988 gratiam
568 908 624 968 Dei
647 915 768 986 tempus
791 915 839 968 est
859 907 974 986 datum,
997 927 1059 989 quo
1082 917 1113 970 et
1130 929 1200 991 pec

277 999 348 1052 cata
369 1010 426 1051 sua
447 990 596 1068 confiteri,
618 998 650 1051 et
670 991 897 1052 absolutionem
920 993 1035 1071 audire,
1057 994 1131 1053 item
1154 1011 1201 1054 sa·

277 1081 467 1135 crumentum
496 1075 600 1134 aitaris
629 1093 751 1134 sumere
774 1076 882 1155 possit.
927 1074 1034 1136 Certus
1057 1077 1138 1136 enim
1161 1077 1201 1136 de

278 1177 335 1218 sua
355 1157 455 1218 salute
476 1165 539 1229 est,
568 1158 619 1236 qui
641 1175 768 1217 securus
789 1157 884 1220 verbo
906 1159 979 1237 Dei,
1002 1159 1084 1238 quod
1107 1159 1200 1237 audit,
1298 1207 1303 1212 .

279 1242 435 1321 innititur,
457 1248 490 1302 et
510 1239 601 1301 fidem
625 1260 711 1302 suam
736 1243 936 1302 sacramentis
959 1245 1109 1303 munitet
1130 1261 1201 1304 con·
1299 1305 1303 1314 ,

275 1324 386 1388 firmat.

362 1411 394 1467 in
427 1408 628 1468 sacrementis
663 1407 760 1471 euim,
781 1413 880 1468 tecum
918 1409 1067 1488 loquitur,
1099 1416 1199 1469 tecum

277 1493 344 1572 agit
364 1490 502 1551 Christus
525 1491 674 1550 Dominus
703 1491 786 1550 Deus
815 1498 883 1550 tuus
915 1511 971 1571 per
997 1491 1200 1553 sacerdotem.

274 1575 385 1653 Neque
415 1573 608 1634 sentiendum
638 1581 701 1650 est,
736 1574 818 1652 quod
856 1575 904 1634 vel
934 1594 1012 1656 opus
1043 1574 1119 1635 iliud
1151 1576 1202 1634 vel

276 1656 423 1737 verbum,
445 1657 529 1737 quod
552 1656 656 1732 audis,
679 1658 719 1716 sit
741 1657 884 1722 hominis.
928 1659 1006 1719 Nam
1028 1660 1095 1738 ipse
1117 1659 1200 1718 Deua

277 1743 384 1802 omnia
418 1741 473 1801 tibi
504 1743 536 1800 in
563 1739 618 1800 illo
649 1739 744 1800 verbo
774 1742 939 1820 promittit,
971 1760 1051 1821 quae
1077 1743 1139 1802 iam
1162 1741 1201 1801 dc

263 1824 400 1884 ‘Christo
418 1824 560 1884 diximus.
582 1822 623 1882 Et
639 1823 705 1883 vuit
722 1842 798 1883 suae
822 1823 892 1884 fidei
913 1827 1045 1906 pignora
1067 1843 1136 1884 esse
1148 1826 1201 1884 illa

277 1916 488 1985 sacramenta,
523 1915 556 1967 ut
576 1913 677 1967 certus
706 1907 763 1979 sis,
796 1908 878 1986 quod
901 1907 1012 1968 Christi
1033 1910 1096 1968 vite
1117 1915 1200 1971 tuam

262 1997 420 2068 mortem,
443 1991 524 2070 quod
549 1990 660 2050 Christi
683 1989 861 2051 obedientia
884 2001 936 2051 tua
957 1998 1094 2070 peccata,
1118 1991 1200 2070 quod

277 2074 389 2134 Christi
402 2091 491 2134 amor
502 2074 745 2134 infernumtuum
758 2075 791 2132 in
803 2093 836 2133 se
844 2076 995 2154 receperit
1006 2074 1200 2137 etdeviccrit.

360 2157 417 2217 Est
444 2164 477 2219 et
503 2156 586 2218 aliud
608 2155 764 2236 quoddam
787 2158 1001 2238 commodum,
1035 2158 1117 2237 quod
1146 2177 1203 2238 per

251 2306 255 2314 ,
277 2240 356 2300 haec
377 2247 573 2302 sacramenta
594 2241 719 2319 reliquis
737 2240 859 2302 Sanctis
882 2248 913 2302 te
933 2241 1051 2302 addunt
1073 2242 1202 2318 socium,

277 2330 311 2383 ut
332 2326 437 2384 venias
459 2325 490 2384 in
513 2324 695 2384 Sanctorum
731 2327 1005 2407 congregationem
1045 2331 1076 2387 et
1097 2343 1201 2387 veram

279 2407 463 2469 Cunctorum
486 2410 744 2472 communionem.
788 2408 866 2469 Nam
890 2417 921 2469 et
942 2416 1042 2470 tecum
1064 2411 1095 2469 in
1118 2409 1201 2470 Chri·
1234 2416 1236 2424 '

277 2496 326 2551 ato
351 2493 528 2567 moriuntur,
551 2499 653 2551 tecum
677 2497 807 2570 peccata
828 2499 962 2569 portent,
990 2499 1090 2553 tecum
1113 2493 1202 2553 inier-

278 2594 351 2635 num
383 2594 507 2655 quoque
539 2576 673 2635 vincunt.
724 2572 835 2633 Gravis
865 2593 939 2654 ergo
969 2574 1143 2635 consolatio
1170 2576 1200 2635 in

278 2657 341 2727 iliis
364 2659 565 2734 sacrementis
587 2664 649 2733 est,
679 2675 758 2735 quae
788 2657 863 2716 nihii
886 2656 968 2717 eliud
991 2664 1077 2729 sunt,
1111 2676 1201 2737 qnaur

280 2740 407 2801 verbum
429 2742 485 2802 Dei
517 2750 548 2801 et
575 2741 696 2821 signnm
719 2739 875 2819 quoddam
898 2740 1032 2820 visibile,
1066 2739 1149 2819 quod
1171 2742 1201 2800 in

278 2824 388 2885 oculos
409 2826 544 2885 incurrit.
588 2822 629 2884 Et
662 2822 741 2883 sicut
767 2823 844 2884 illud
876 2825 984 2884 vocate
1011 2823 1138 2884 verbum
1158 2824 1202 2883 'iu-

277 2909 371 2968 currit
400 2909 432 2968 in
462 2926 551 2969 aures
585 2925 701 2985 easque
728 2907 813 2985 ferit,
835 2908 879 2967 ita
900 2908 1093 2967 saci-amenta
1115 2908 1202 2988 signa

279 2999 353 3051 sunt
374 2990 497 3051 divinae
512 2991 678 3051 voluntatis
697 2989 838 3050 subiecta
855 2990 962 3071 oculis,
986 2990 1094 3071 quibus
1115 2992 1203 3051 inniti

280 3072 358 3134 fides
378 3074 471 3136 dehet
500 3093 556 3139 ceu
586 3071 674 3132 firmo
696 3072 825 3150 baculo,
858 3092 918 3153 quo
948 3094 1019 3135 usus
1042 3080 1089 3135 est
1110 3073 1202 3153 lacqb

278 3158 460 3237 patriarche,
483 3176 552 3217 cum
575 3158 774 3236 pertransiret
794 3156 968 3235 Iordanem,
995 3159 1026 3217 in
1049 3176 1128 3236 quae
1150 3174 1203 3217 uo·
1287 3165 1292 3173 “

279 3242 332 3301 stri
358 3241 439 3302 oculi
461 3240 555 3302 defixi
579 3248 649 3300 cese
671 3239 786 3301 debent
807 3258 862 3301 ceu
883 3242 915 3301 in
936 3242 1102 3318 lucernam,
1124 3257 1204 3319 quae

280 3326 351 3384 viae
372 3324 434 3384 dux
465 3331 513 3386 est
533 3327 565 3384 in
589 3323 721 3385 obscuro
745 3330 776 3383 et
798 3324 1062 3404 caliginoso'toco
1088 3326 1204 3402 mortis,

282 3410 403 3487 peccati
433 3416 465 3468 ct
487 3409 614 3486 inferni,
649 3408 729 3467 sicut
749 3406 947 3488 Prophetai)
973 3426 1095 3487 quoque
1117 3408 1203 3469 dicit:

280 3490 419 3551 Lucerna
440 3491 570 3572 pedibus
593 3492 669 3551 meis
692 3489 818 3550 verbum
842 3496 935 3565 tuum,
960 3498 991 3551 et
1013 3490 1202 3573 Petrus**):

266 3567 436 3635 'Habemus
469 3574 633 3634 firmiorem
676 3592 850 3633 sermonem
888 3574 1118 3655 propheticum,
1156 3576 1203 3634 cui

280 3656 352 3717 dum
375 3657 533 3718 attenditis
568 3674 626 3717 ceu
653 3658 798 3717 lucernae
827 3659 988 3737 apparenti
1018 3659 1048 3717 in
1071 3658 1203 3719 obscuro

279 3741 361 3819 loco,
382 3749 467 3802 recte
488 3741 589 3800 facitis
612 3746 670 3801 etc.

362 3825 404 3885 ut
434 3844 524 3901 saue,
555 3823 710 3902 quoduam
743 3820 826 3881 aliud
869 3823 900 3881 in
936 3826 1038 3885 mortis
1066 3824 1203 3903 periculo

280 3926 412 3987 quaeres
434 3906 604 3969 auxilium?
643 3906 760 3967 Omnes
784 3905 886 3982 enim,
910 3911 1061 3987 quotquot
1082 3924 1204 3967 servan·

280 3997 338 4068 tur,
362 3992 424 4051 hoc
445 3997 607 4052 servantur
628 3991 728 4069 signo,
751 3988 835 4068 quod
851 3988 1003 4049 Christum
1026 3991 1079 4050 tibi
1102 3997 1205 4051 osteu-

371 4081 375 4085 -
385 4080 406 4085 --
447 4079 549 4086 -.....—
565 4077 700 4085 .-—-—-—

348 4080 385 4159 ἶ)
405 4081 479 4148 riu.
501 4095 559 4149 119,
597 4092 648 4157 *·)
669 4093 694 4147 1.
714 4090 773 4144 Pet.
796 4090 823 4145 2.

307 4198 397 4238 muse
411 4208 463 4247 opp.
477 4198 504 4238 v.
515 4197 542 4237 a
556 4196 586 4236 aa
600 4195 641 4236 ror.
654 4195 706 4235 uua
720 4196 735 4236 u
748 4207 768 4245 μ
786 4196 835 4237 von
847 4196 888 4235 1u.
1005 4163 1046 4225 30
