3075 4775
349 551 414 621 att
582 551 739 620 urspenao
759 552 868 620 Lipsiae
884 551 980 605 mera
998 532 1104 605 assnrx
1147 554 1155 566 ⁵

357 742 440 823 quod
462 731 524 803 nos¹
541 744 736 822 puniremus,
770 741 796 801 si
822 742 911 805 Dens
931 742 1026 804 vellet
1053 742 1178 825 punire,
1216 742 1282 803 iam

353 827 401 889 bis
422 826 546 907 puniret
566 824 598 885 id
609 810 729 905 'ipsum

438 908 603 971 Praeterea
626 908 710 969 clara
731 909 855 969 fuerunt
877 908 1023 990 Cypriani
1043 908 1152 986 verba,
1182 907 1284 989 Chry·

354 992 505 1070 sostomi‚
526 992 669 1073 Gregorii
690 993 748 1070 IV¹
770 992 986 1074 Hieronymi‚'.
1000 994 1083 1073 quod
1111 1008 1217 1073 poena
1240 994 1285 1053 in·

355 1079 463 1139 iuncta
483 1095 502 1137 a
525 1075 687 1137 sacerdote
708 1078 738 1137 in
758 1077 999 1139 satisfactionem
1022 1083 1070 1138 est
1088 1096 1197 1157 poena
1210 1076 1285 1137 Deo

355 1160 476 1238 debite,
506 1165 538 1219 et
566 1160 609 1221 ita
630 1160 753 1237 Victor,
789 1161 861 1239 quia
882 1180 945 1222 non
968 1161 1151 1241 impleverat
1171 1161 1285 1239 poeni·
1321 1235 1325 1243 ι
1371 1173 1372 1176 ’

356 1244 487 1305 tentiam
510 1242 680 1303 iniunctam
703 1263 722 1303 a
745 1242 919 1324 Cypriane,
941 1244 1052 1305 dicitur
1071 1242 1212 1305 nondum
1237 1263 1286 1303 ea-

356 1326 511 1387 tisieeisse
535 1325 612 1388 Dec.
656 1324 747 1400 Quod
778 1332 810 1387 et
829 1326 1010 1389 Theodorus
1042 1328 1073 1387 in
1096 1346 1152 1387 suo
1173 1327 1311 1406 poeni,

243 1472 248 1489 ,
362 1409 497 1487 tentiali,
539 1428 630 1487 quem
663 1411 800 1488 sequitur
832 1413 920 1489 quasi
947 1410 986 1472 ad
1019 1410 1145 1473 verbnm
1183 1409 1286 1485 Beda,

359 1493 391 1553 id
408 1494 821 1573 ipsum‚testatur‚quamvis
841 1493 921 1555 sorte
942 1514 1001 1556 neo
1011 1495 1032 1555 ii
1056 1499 1181 1555 autores
1201 1495 1288 1554 sicut

359 1595 418 1637 nec
440 1573 572 1635 isidorus
595 1576 624 1637 ei
645 1577 886 1652 satisfaciunt¹].

442 1656 701 1743 Undelquidquid
723 1659 806 1721 dicat
827 1680 892 1737 ore,
912 1662 1092 1722 autoritates
1108 1678 1219 1721 omnes
1242 1660 1286 1719 ia

289 1770 294 1777 ·
361 1761 432 1802 cere
453 1759 510 1821 pro
533 1760 588 1820 eo,
620 1748 724 1803 tamen
746 1744 955 1805 necessarium
984 1750 1049 1821 est,
1081 1743 1164 1823 quod
1186 1742 1287 1804 corde

360 1825 536 1887 dissentiat:
572 1844 639 1903 cum
679 1826 739 1887 hae
765 1828 947 1888 autoritates
969 1827 1140 1888 doctrinam
1161 1827 1229 1887 eiua
1255 1832 1287 1886 et

360 1907 593 1985 conclusionem
616 1908 802 1970 subvertant
839 1909 871 1971 Si
898 1912 980 1972 enim
1002 1910 1149 1971 sacerdos
1171 1915 1286 1989 peccat

295 2038 297 2045 ,
360 2012 423 2053 non
454 1989 644 2053 absolvendo
675 2012 694 2052 a
722 2012 827 2072 poena
858 1999 890 2053 et
910 1994 1016 2074 culpa,
1047 2001 1122 2054 tunc
1142 1993 1286 2073 episcopi

359 2081 543 2157 peccassent
573 2094 635 2135 non
665 2075 865 2137 absolventes
887 2077 1045 2138 Victorem
1075 2097 1095 2137 a
1116 2095 1221 2156 poena
1254 2082 1287 2136 et

361 2157 469 2237 culpa,
503 2164 534 2218 et
560 2175 668 2218 omnes
701 2159 890 2224 sacerdotes.
906 2167 1072 2241 peccarent
1099 2178 1154 2239 per
1176 2158 1285 2220 orbem

363 2238 568 2301 Christianum
591 2240 788 2303 absolventes
811 2249 899 2303 extra
918 2243 1137 2325 indulgentias.

444 2310 551 2404 Neque
579 2324 733 2410 relevatur
758 2327 790 2385 in
822 2345 877 2404 eo,
910 2326 992 2407 quod
1024 2324 1138 2389 debeat
1159 2344 1286 2387 crucem

361 2412 502 2487 portare,
535 2413 565 2468 et
596 2408 676 2469 hane
704 2429 838 2490 poenam
861 2412 967 2491 exigat
988 2411 1081 2472 Deus.
1123 2409 1202 2485 Quia
1226 2411 1287 2470 ieta

362 2491 461 2550 erucis
480 2491 614 2570 portatio
636 2499 769 2553 nonest
791 2490 884 2573 aliud,
909 2512 1001 2572 quam
1022 2492 1285 2569 vitaOhn'stiana,

362 2574 443 2633 sicut
474 2574 541 2654 ipse
562 2575 748 2636 reverendas
782 2577 873 2671 Pater
909 2576 1001 2642 docte
1029 2577 1091 2638 hoc
1120 2577 1285 2656 exposuit3

363 2655 417 2716 sed
441 2675 509 2716 oum
530 2657 591 2719 hoc
622 2665 745 2739 oportet
777 2658 816 2720 de
837 2661 1010 2741 praeteritis
1033 2660 1232 2738 satisfacere,
1255 2666 1287 2720 et

364 2739 527 2801 Dominum
552 2741 710 2820 deprecari
732 2741 771 2802 de
791 2744 976 2822 praeteritis.

445 2823 492 2884 De
512 2826 724 2886 reservatione
755 2844 881 2886 casuum
913 2826 1081 2889 Conclusio
1104 2845 1175 2886 mea
1208 2825 1285 2886 nihil
1324 2870 1326 2876 .

362 2905 471 2984 habet,
506 2913 608 2967 tamen
633 2910 860 2970 reservationes
890 2909 1066 2972 moderatas
1094 2908 1187 2970 credo
1217 2927 1286 2970 esse

363 2989 463 3067 utiles,
487 2990 569 3068 quod
594 2992 686 3052 etiam
704 2991 837 3052 Praelati
856 2993 888 3052 in
910 2993 1105 3054 monasteriis
1123 2993 1285 3072 experiun-

362 3079 421 3134 tur.
444 3073 556 3134 Fateor
579 3075 733 3160 ingenue2
749 3095 798 3135 me
820 3095 891 3137 esse
911 3077 943 3136 in
965 3082 1040 3137 voto
1062 3075 1231 3151 Gereonio,
1253 3077 1284 3135 in

308 3166 312 3175 '
363 3155 495 3230 concilio
532 3157 761 3250 Constantiensi
801 3159 1024 3239 interpellant-is
1056 3178 1113 3239 pro
1151 3158 1286 3220 delenda

362 3238 529 3300 immodica
550 3242 762 3302 reservatione
785 3261 926 3321 casuum,
956 3251 988 3304 et
1009 3243 1203 3323 potissimum
1226 3242 1284 3302 dis

363 3321 459 3400 plicet
482 3324 555 3384 mihi
576 3324 629 3384 illa
650 3325 838 3402 reservatio,
874 3327 953 3386 sicut
982 3332 1013 3386 et
1034 3325 1168 3387 Domino
1191 3325 1284 3399 Patri,

207 3399 209 3407 ’
300 3409 303 3414 “
364 3404 487 3482 quando
511 3406 606 3468 habet
628 3409 789 3468 avaritiam
810 3410 976 3490 comitem,
997 3409 1028 3469 id
1051 3417 1118 3487 est,
1139 3411 1283 3488 pecunia-

362 3507 428 3550 rum
446 3507 583 3630 poenam
606 3510 770 3554 annexam.

431 3593 434 3602 ·
475 3573 624 3634 eclesiam·
650 3593 713 3634 non
736 3573 811 3634 dicit
832 3576 996 3652 ruituram,
1028 3575 1054 3633 si
1075 3572 1223 3634 sacerdos
1253 3574 1283 3633 in

364 3671 421 3714 sua
443 3655 591 3734 parochia
613 3665 695 3718 esset
723 3659 887 3739 episcopus
910 3665 941 3718 et
961 3678 1064 3738 papa3
1086 3662 1169 3717 certe
1192 3676 1284 3738 appa·

363 3744 412 3798 ret
436 3737 525 3816 mihi,
555 3741 580 3800 si
595 3747 691 3801 «esset
712 3741 792 3801 illius
813 3741 1011 3822 pulcherrimi
1032 3739 1150 3802 ordinis
1172 3739 1283 3802 hierar-

366 3820 444 3918 chici
476 3823 649 3902 corruptiO,
687 3823 770 3904 quod
806 3826 899 3886 etiam
929 3832 1012 3886 esset
1039 3823 1192 3885 ecclesiae
1218 3823 1283 3886 suit

365 3923 475 3966 versio.

402 4095 433 4160 1)
452 4095 482 4148 In
501 4091 542 4149 ed.
564 4095 650 4166 triga
670 4097 813 4150 satisfecit.
