3075 4775
318 509 384 579 472
593 508 641 566 Vi.
660 509 764 566 doooio
784 507 934 576 Quomodo
952 509 989 562 sit
1011 544 1014 552 ·

320 702 393 762 doto
413 697 581 778 eddesius,
616 717 672 760 oro
694 698 770 761 nihil
792 698 952 770 dubitans,
984 697 1057 776 quio
1081 713 1130 756 mo
1154 713 1245 755 exou-

321 787 388 845 dias
409 803 449 844 ao
469 803 573 844 veram
594 783 668 844 mihi
689 784 721 842 io
744 788 775 842 te
797 782 896 844 donas
917 780 1020 842 fldem.

403 868 472 929 Hoo
491 869 584 948 igitur
604 885 660 946 per
681 873 777 927 totam
801 867 894 926 vitam
917 871 983 925 erat
1013 883 1032 924 a
1053 864 1120 924 Deo
1143 866 1249 941 postu-

322 951 467 1029 landum,
500 958 534 1011 ut
561 950 713 1010 morituris
744 949 859 1010 donum
881 948 953 1009 fidei
975 945 1171 1008 consederet.
1215 943 1251 1002 id
1328 1023 1331 1036 Ι

323 1035 407 1114 qood
440 1034 624 1096 suavissimo
657 1035 793 1093 oormine
815 1031 961 1093 Germani
984 1032 1015 1091 in
1038 1030 1118 1090 feriis
1140 1027 1252 1088 Penta-

323 1125 427 1180 aootas
449 1124 579 1178 oannnt:
696 1170 698 1174 .

367 1235 417 1298 atu
439 1235 526 1298 bitten
548 1235 601 1298 mit
623 1237 673 1296 ben
695 1235 812 1314 heiligen
835 1233 907 1310 geist,

365 1319 439 1380 oms
462 1321 514 1380 ten
533 1316 640 1396 metten
662 1318 798 1382 monta
816 1317 952 1390 stermeii
963 1367 968 1384 ,

365 1402 435 1465 §aas
457 1420 485 1464 et
507 1409 564 1463 ont
587 1403 683 1479 batista
706 1420 742 1462 on
765 1403 872 1478 nnittn
895 1398 982 1474 (inte,

366 1484 459 1549 ditono
482 1484 535 1547 mit
557 1485 628 1563 teins
650 1485 727 1559 turen
752 1493 808 1547 sud
831 1484 926 1562 bieiem
949 1483 1062 1562 mense,
1084 1481 1231 1544 tiirioteia.

408 1619 503 1680 Porro
534 1623 614 1695 tum,
649 1638 717 1679 oum
745 1621 806 1681 iam
836 1617 1031 1680 moriendum
1060 1626 1125 1694 est,
1160 1617 1255 1676 huius

326 1703 494 1777 orationis,
526 1704 599 1762 item
623 1701 759 1763 mandati
782 1712 814 1764 et
834 1703 1048 1784 promissionis
1072 1719 1145 1760 suaa
1168 1718 1254 1760 eom·

326 1785 521 1847 monefooere
543 1785 640 1845 Deum
664 1787 825 1862 convenit,
858 1785 934 1850 nihil
957 1784 1148 1861 dubitantes,
1178 1785 1255 1861 quin

326 1875 433 1931 nostra
454 1870 493 1929 ait
514 1869 659 1929 exaudita
681 1871 789 1931 oratio.
832 1869 910 1930 Nam
934 1870 1143 1946 sistrumque
1165 1886 1257 1946 prae-

326 1954 424 2032 cepit,
453 1958 485 2011 at
507 1954 694 2030 orationem,
728 1960 759 2014 et
781 1952 872 2013 fldem
895 1953 925 2011 in
948 1953 1106 2027 oratione,
1129 1951 1155 2010 si
1177 1969 1255 2031 quo—
1295 1979 1296 1982 ¹

256 2045 258 2051 ’
330 2055 389 2115 que
410 2036 551 2116 promisit
572 2055 659 2096 auam
681 2038 829 2116 gratiam,
858 2035 930 2115 quid
961 2054 1078 2114 quaeso
1101 2032 1256 2095 dubitabi-

329 2137 394 2178 mus
425 2116 464 2177 de
492 2116 553 2178 fide
574 2118 691 2198 ipsius?
723 2123 790 2180 eine
821 2117 914 2179 dubio
941 2119 1086 2178 exaudiet
1106 2135 1179 2194 nos,
1214 2137 1258 2176 ae

327 2221 413 2261 suam
437 2199 567 2261 redimet
588 2201 691 2261 fidem.

414 2284 581 2362 vigesimo,
603 2283 676 2364 quid
693 2294 796 2347 antem
819 2306 838 2346 a
858 2285 926 2346 Deo
950 2286 1081 2364 amplius
1102 2282 1174 2344 addi
1198 2303 1257 2362 po-

328 2373 389 2427 test
409 2364 449 2426 ad
470 2364 699 2429 confirmandos
720 2390 790 2449 nos,
813 2375 846 2431 ut
868 2375 980 2449 sponte
1005 2375 1134 2430 mortem
1160 2367 1256 2428 obea-

329 2470 406 2527 mus,
428 2469 557 2529 eamque
580 2453 663 2512 omni
686 2461 769 2515 matu
791 2453 934 2533 deposito
957 2472 1146 2531 superemus.

411 2532 553 2595 Ostendit
581 2543 613 2597 et
640 2535 737 2599 donat
764 2536 865 2597 tibiis
889 2534 1010 2597 Christo
1034 2537 1148 2614 vitam,
1184 2554 1256 2615 gra·

329 2619 401 2679 tiam
425 2624 457 2677 et
477 2618 669 2696 felicitatem,
702 2621 810 2699 quibus
833 2618 954 2679 adiutus
986 2638 1087 2699 neque
1110 2626 1255 2695 mortem,

329 2719 429 2779 neque
452 2709 622 2780 peecatum,
645 2723 703 2765 neo
723 2704 874 2764 infernum
897 2710 1025 2763 metuas.

313 2817 317 2823 ·
411 2783 576 2845 Praeterea
604 2795 763 2865 peecatum
794 2793 893 2865 tuum,
926 2793 1055 2846 mortem
1079 2794 1177 2859 tuam,
1210 2793 1255 2844 tu-

330 2886 442 2946 omque
468 2868 637 2946 infernum,
670 2871 723 2930 illa
752 2872 783 2929 in
812 2871 1001 2951 unigenitum
1030 2889 1117 2928 suum
1145 2866 1253 2927 Filium

329 2951 444 3026 reiioit,
468 2956 501 3009 ut
521 2953 547 3011 is
570 2953 728 3014 victoriam
751 2973 790 3012 ex
812 2953 872 3013 illis
893 2952 1034 3013 hostibus
1056 2958 1173 3032 partam
1197 2950 1254 3013 tibi

330 3033 435 3107 donet,
457 3053 496 3093 ne
518 3034 590 3113 quid
612 3037 744 3115 amplius
766 3034 891 3097 laedere
913 3041 944 3096 te
966 3037 1096 3115 possint.

412 3116 575 3178 Praeterea
597 3122 767 3181 tentatione
790 3120 912 3197 mortis,
940 3118 1050 3179 inferni
1079 3124 1109 3178 et
1131 3118 1256 3197 peceati

329 3197 484 3261 'Christum
509 3220 632 3280 quoque
654 3203 763 3263 Filium
791 3222 878 3263 suum
901 3208 1044 3278 exercet,
1078 3208 1110 3261 ut
1138 3200 1255 3261 habeas
1287 3198 1290 3207 ¹

330 3283 520 3364 exemplum,
554 3285 711 3363 quomodo
744 3284 890 3346 ferendae
920 3291 951 3345 at
977 3283 1170 3365 superandae
1193 3284 1255 3343 sint

267 3443 269 3452 y
330 3368 516 3428 tentationes
537 3368 620 3429 illae.

412 3449 529 3510 Horum
552 3458 652 3511 autem
677 3454 813 3512 omnium
838 3451 989 3513 donorum
1017 3452 1047 3511 in
1071 3457 1102 3511 te
1125 3450 1254 3511 collato·

330 3552 396 3593 rum
421 3534 551 3613 pignora
572 3534 657 3595 addit
681 3554 737 3595 sua
759 3541 965 3614 sacramanta,
987 3541 1020 3594 ut
1041 3535 1168 3595 omnino
1191 3551 1255 3593 aer·

330 3624 377 3676 tus
400 3616 492 3695 piane
514 3616 588 3677 nihii
610 3618 741 3678 dubites.

414 3699 483 3760 Suis
506 3702 635 3781 angelis,
659 3701 780 3762 Sanctis
803 3720 840 3761 ao
861 3702 1008 3762 oreaturis
1030 3701 1093 3760 suis
1111 3698 1268 3771 omnibus,

330 3785 373 3844 tui
397 3802 500 3845 soram
523 3783 703 3860 demandat,
737 3790 771 3845 ut
801 3803 951 3863 nusquam
982 3804 1001 3844 a
1028 3791 1058 3844 te
1089 3780 1256 3843 defleotant

302 3876 305 3894 ¹
331 3867 456 3946 oeulos,
484 3866 539 3926 aed
561 3868 694 3927 animam
718 3869 779 3929 iam
803 3868 940 3929 morituri
962 3867 1119 3947 exoipiant
1141 3871 1172 3927 et
1193 3886 1254 3927 ser·

331 3957 413 4011 vent

345 4089 347 4091 ,
413 4032 592 4093 Mandatum
612 4039 776 4113 praeterea
797 4032 923 4114 adimit,
955 4040 989 4095 ut
1018 4033 1072 4094 illa
1098 4053 1118 4094 a
1144 4051 1179 4093 ee
1199 4049 1254 4113 po·
