3075 4775
355 543 398 615 98
571 549 730 619 Dispntstto
747 551 858 619 lipsius
877 510 972 605 habitu
992 566 1017 606 u.
1038 551 1098 604 xlx

356 736 414 819 est,
436 738 600 800 eoneilium
622 736 790 817 eliquondo
802 755 932 819 errasse,
954 738 1163 819 etaliquendo
1177 755 1282 819 'posse

357 828 479 904 errore,
500 822 681 903 praesertim
701 814 745 881 in*
754 822 813 903 iis,
831 836 911 902 quoe
932 840 995 882 non
1017 828 1089 883 sunt
1109 819 1199 902 fidel,
1222 838 1283 882 nee

349 905 450 966 'hebet
482 906 647 966 eonsilium
683 906 880 965 autoritatem
901 920 1054 967 novorum
1081 906 1282 966 articulorum

350 988 590 1051 ¹condendorum
609 989 641 1048 in
662 986 744 1065 ilde,
773 988 909 1069 alioquin
935 994 984 1049 tot
1008 988 1133 1049 tendem
1155 988 1283 1051 hebebi-

305 1061 308 1083 '
358 1092 423 1133 mus
446 1073 609 1155 ertieulos,
631 1077 707 1151 quot
727 1070 888 1132 hominum
911 1071 1085 1154 opiniones.

283 1224 290 1239 ,
388 1228 391 1233 ¹
439 1153 531 1231 Quod
551 1156 583 1215 in
605 1153 912 1216 flneS.I⁴'renoisoum
933 1154 1063 1236 induxit,
1087 1154 1200 1216 debere
1221 1172 1282 1216 nos

357 1258 478 1299 summo
491 1237 632 1300 Pontifloi
655 1236 791 1316 obedire,
815 1238 908 1298 miror
920 1245 1028 1299 oontre
1043 1256 1135 1319 quem
1146 1236 1227 1297 dixit
1235 1236 1281 1322 ¹).

355 1320 433 1382 ltem
453 1330 577 1383 munseo
598 1323 673 1382 istus
696 1321 926 1383 criminationes
948 1321 987 1382 de
1009 1321 1163 1383 Freiribus
1194 1338 1281 1381 men-

356 1403 544 1484 ditantibus,
582 1405 676 1464 miser
701 1405 761 1464 iste
783 1397 875 1464 etiem
902 1404 1022 1467 hebitus
1055 1406 1172 1465 erueiet
1193 1422 1281 1485 egre

324 1535 327 1541 .
355 1490 440 1569 glum
462 1489 500 1549 D.
522 1489 612 1551 Doet.
648 1487 717 1568 Ego
747 1506 804 1569 pro
827 1504 897 1549 meo
919 1490 1073 1549 sententie
1094 1490 1280 1569 pronuncio,

356 1571 437 1632 velle
459 1590 518 1650 me,
540 1590 610 1631 esse
630 1569 746 1630 nullum
769 1569 910 1631 ordinem
923 1572 1172 1633 mendioentium.
1194 1571 1280 1633 Eone

355 1654 434 1715 ones
454 1653 567 1729 hebui,
594 1671 674 1735 quoe
694 1654 917 1734 responderem
944 1655 983 1714 nd
1018 1655 1142 1717 obieeta
1162 1656 1280 1736 egregii

355 1737 393 1797 D.
414 1736 452 1797 D.
474 1755 567 1817 super
588 1738 803 1819 propositione
826 1739 872 1804 13.
902 1736 1005 1813 Quare
1022 1758 1104 1799 nune
1124 1736 1211 1799 linito
1231 1756 1280 1800 re·

355 1821 535 1902 sponsione,
558 1827 664 1899 restet,
687 1825 721 1881 ut
741 1826 773 1880 et
785 1839 845 1901 ego
858 1837 1001 1883 moveam
1022 1821 1170 1883 adversus
1191 1838 1280 1903 egre·

300 1898 308 1914 '
355 1904 438 1984 gium
459 1903 497 1965 D.
519 1904 567 1984 D,
589 1918 669 1983 quoe
687 1923 740 1964 me
760 1912 898 1966 movent.

437 1986 495 2047 Hie
515 1988 648 2048 intonuit
669 1986 804 2066 Ennius,
832 2008 866 2049 se
888 1988 1017 2052 obieotis
1047 1988 1128 2050 velle
1150 2006 1279 2068 respon·

349 2068 446 2149 dere,
473 2072 560 2151 qussi
588 2071 707 2151 etipse
728 2070 923 2151 respondens
944 2073 1061 2135 luisset.
1104 2070 1281 2153 Respondit

309 2214 317 2222 ,
354 2153 502 2215 Martinus
524 2152 573 2237 ²),
605 2154 666 2215 hoe
686 2161 780 2233 pecto
805 2174 961 2237 nunquam
983 2154 1150 2216 finiendam
1172 2153 1280 2234 dispu-

355 2238 516 2316 tationem,
540 2236 867 2299 neeueuuelleeiensm
890 2238 1101 2321 petulentiam,
1123 2254 1203 2319 quoe
1225 2254 1280 2299 so·

356 2320 399 2379 let
416 2320 539 2404 singule
561 2321 653 2381 etiem
675 2321 771 2382 verbe
792 2324 949 2406 nnouperi.
991 2321 1131 2404 Contigit
1151 2336 1280 2404 prorsus

297 2457 304 2469 .
354 2404 474 2485 virgula
495 2404 608 2484 divine,
631 2412 664 2464 ut
684 2404 941 2468 elementissimus
964 2406 1034 2467 Dux
1057 2406 1211 2487 Georgius
1230 2406 1281 2466 in-

295 2545 301 2554 ,
354 2494 498 2566 tetemet,
530 2489 615 2569 euius
648 2491 724 2548 nutu
752 2495 785 2549 et
805 2491 857 2569 pio
879 2497 1002 2574 seeptro
1026 2507 1208 2551 conoessum
1231 2497 1283 2550 est

320 2629 328 2637 ,
357 2571 504 2652 llertlno,
539 2571 688 2652 impetere
707 2571 875 2634 Eeoienem
907 2572 1155 2652 oonol'usionem,
1198 2589 1282 2652 quoe

354 2655 509 2715 eontlerie
529 2661 577 2715 est
597 2655 669 2716 huie
689 2655 752 2716 inm
775 2655 942 2722 discussae.
987 2687 993 2696 ’

591 2856 742 2921 Mart.
786 2855 1090 2922 Lutherus.
1162 2941 1170 2953 .

361 2997 375 3024 '
438 3021 554 3084 Contra
575 3022 760 3095 senteutiam
783 3021 899 3104 egregii
921 3018 958 3086 D.
969 3019 1007 3083 D.
1029 3022 1150 3085 videtur
1170 3019 1203 3082 id
1215 3022 1279 3100 ,mi-

355 3104 460 3183 litere,
498 3105 582 3186 quod
617 3106 692 3166 satis
715 3105 834 3168 fortiter
862 3105 1005 3177 transiliit
1023 3106 1055 3168 in
1077 3104 1280 3184 conlittendo,

353 3194 385 3248 et
405 3187 546 3266 sot-ibitur
568 3186 599 3271 ³)
627 3193 654 3254 1.
678 3190 815 3253 Corinth.
838 3191 877 3270 3,
900 3187 951 3250 ubi
974 3189 1086 3262 Paulus
1111 3187 1279 3252 detrahens

353 3289 519 3352 personam
532 3273 673 3336 omnibus
689 3275 851 3354 apostolis,
865 3273 954 3334 dicit:
978 3271 1059 3348 Quid
1072 3279 1120 3334 est
1139 3269 1280 3351 Apollo?

352 3353 427 3433 ,quid
440 3353 573 3419 Paulus?
595 3357 667 3436 quid
678 3357 784 3438 Oephe
793 3355 849 3436 ⁴J?
871 3356 1012 3436 ministri,
1036 3377 1091 3438 per
1112 3374 1190 3436 quos
1212 3373 1279 3416 ote-

351 3435 482 3501 didistie.
505 3438 564 3500 Ubi
574 3439 687 3502 Paulus
709 3461 834 3522 prorsus
855 3440 922 3501 vult
943 3439 1052 3502 tollere
1076 3439 1278 3502 oooasionem

354 3522 562 3591 contentionis
573 3532 606 3586 et
626 3524 810 3609 schismatis,
832 3527 928 3606 neget
949 3523 1045 3586 ullam
1060 3521 1224 3584 eeclesiam
1237 3521 1278 3584 ad

352 3603 449 3667 ullum
469 3607 683 3685 apostolorum
705 3612 875 3690 pertinere,
909 3606 966 3671 sed
989 3626 1059 3668 esse
1084 3605 1189 3668 omnin
1210 3624 1279 3670 om·

353 3687 443 3753 uibus
465 3693 649 3756 eommunia.
684 3691 781 3754 Unde'
796 3694 827 3754 in
849 3687 911 3754 fine
933 3693 962 3758 3.
984 3710 1010 3754 e.
1033 3689 1121 3752 dieit:
1165 3685 1280 3750 Omnia

365 3918 421 4027 ..1)
442 3961 537 4017 lned.
551 3963 614 4018 deu.
631 3969 660 4018 et
680 3932 755 4033 opud
773 3935 905 4022 loesehlz
939 3960 1053 4016 dixerit.
1083 3963 1119 4029 2)
1143 3961 1309 4032 lbidhie·

307 4073 312 4079 ·
351 4040 381 4098 ol
394 4035 479 4100 olibi:
498 4035 632 4091 tuuems
651 4040 702 4091 etc.
739 4036 768 4104 3)
786 4035 855 4095 Ibid-
876 4032 966 4110 deest:
993 4030 1134 4111 scribitur.
1170 4035 1202 4100 4)
1221 4034 1275 4109 Ap.

353 4107 466 4164 Loeseh.
485 4108 576 4207 hieet
593 4109 642 4162 ult:
662 4105 780 4202 depluta.
