3075 4775
312 538 377 608 428
559 541 604 598 m.
641 543 745 600 tonaio
765 541 799 600 de
819 545 993 601 consensione

313 735 420 791 nostra
441 729 575 790 ecelesia
604 749 695 792 unam
719 733 853 812 speeiem
875 732 989 792 nemini
1017 727 1236 804 exhibendam,

314 813 488 888 sedatis,
515 815 565 892 qni
589 826 784 876 santamente
807 817 849 876 uti
873 816 974 894 volet,
1008 820 1061 877 aut
1081 815 1236 892 integrum

313 903 553 972 sacramentnm,
577 904 611 958 ut
631 916 650 957 a
672 898 795 959 Christo
818 901 988 959 institutum
1011 904 1067 976 est,
1091 896 1235 976 accipiat,

313 990 365 1040 ant
387 999 511 1060 prorsus
534 980 696 1042 abstineat.

395 1064 502 1139 Porro,
524 1062 604 1124 adeo
627 1083 721 1144 saepe
743 1065 821 1124 baeo
843 1083 862 1124 a
881 1063 972 1125 nobis
987 1067 1118 1124 tractata
1140 1077 1237 1121 eausa

313 1153 375 1224 est,
410 1154 444 1207 nt
474 1153 578 1226 putem
610 1149 671 1208 iam
700 1148 843 1209 omnibns
866 1147 991 1227 planum
1019 1165 1104 1221 ease,
1139 1161 1236 1223 quare

313 1236 477 1308 utramque
506 1231 640 1309 speeiem
669 1232 747 1291 sumi
776 1231 977 1310 postulemus.
1021 1225 1111 1304 Quod
1135 1227 1159 1286 si
1183 1227 1234 1304 qui

313 1313 394 1374 adeo
415 1320 486 1373 snut
515 1311 621 1389 rudes,
657 1320 710 1375 aut
741 1315 833 1374 etiam
862 1333 919 1374 sua
948 1313 1124 1373 infirmitate
1152 1309 1233 1369 adeo

313 1395 520 1472 delectantur,
552 1402 588 1456 ut
613 1396 788 1478 intelligere
810 1397 889 1457 haee
910 1396 1026 1473 nolint,
1064 1395 1135 1455 ilios
1158 1411 1236 1452 sano

313 1498 371 1540 nos
393 1498 456 1539 non
479 1497 636 1557 curamus,
665 1486 697 1540 et
717 1479 814 1540 mnito
837 1481 932 1540 satius
960 1497 1083 1559 qnoque
1105 1482 1167 1550 est,
1201 1481 1236 1535 ut

312 1561 357 1622 iili
387 1569 580 1623 saeramento
618 1583 743 1643 prorsus
772 1563 955 1625 abstineant.
1003 1561 1117 1622 Malum
1151 1561 1233 1641 enim

313 1651 527 1726 argumentum
551 1652 612 1719 est,
644 1652 691 1707 tot
711 1647 800 1707 annis
823 1645 928 1706 andire
949 1645 1074 1706 verbum
1096 1643 1168 1712 Dei,
1203 1645 1236 1702 et

313 1734 415 1789 tamen
438 1733 588 1808 perpetuo
608 1728 762 1790 infirmum
788 1746 930 1807 manere,
952 1734 984 1789 et
1005 1727 1126 1802 dicere,
1149 1725 1234 1803 quod

312 1829 374 1872 non
404 1812 504 1890 possit
529 1811 583 1872 illa
603 1813 735 1892 assequi.
779 1811 888 1891 Neque
910 1814 991 1872 enim
1012 1808 1164 1955 possibile
1187 1813 1237 1867 est

312 1913 375 1954 non
396 1893 560 1954 illuminari
592 1897 726 1975 animos,
764 1897 790 1955 si
813 1894 925 1955 diutius
957 1913 1084 1954 verum
1114 1889 1235 1968 audias,

311 1979 369 2037 nisi
393 1978 520 2038 omnino
544 1985 732 2039 exoaeoatae
753 1978 816 2040 sint
828 1985 946 2039 mentes
962 1997 981 2038 a
995 1977 1118 2039 Bataua.
1156 1973 1235 2034 Cum

312 2060 404 2140 igitur
425 2060 572 2140 perdures
604 2063 635 2121 in
659 2063 809 2124 caecitate
831 2068 900 2140 tua,
936 2059 1033 2122 multo
1064 2057 1235 2120 oonsnitins

311 2160 434 2222 quoque
463 2142 579 2203 iaciunt
606 2145 735 2205 ministri
771 2144 938 2221 ecelesiae,
972 2145 997 2204 ai
1026 2142 1080 2204 tibi
1107 2158 1235 2221 prorsus

310 2243 373 2286 non
395 2225 562 2286 exhibeant
574 2234 810 2290 sacramentum.
845 2225 877 2289 Si
895 2228 975 2287 enim
990 2226 1126 2303 verbum,
1149 2223 1234 2303 quod

310 2306 522 2387 planissimum
537 2327 575 2368 ae
596 2311 821 2390 apertissimum
843 2315 899 2389 est,
921 2329 1033 2391 capere
1055 2325 1117 2369 non
1131 2313 1234 2388 potes,

311 2398 505 2452 saaramenta
545 2412 668 2473 qnoque
698 2392 774 2455 'non
814 2396 938 2475 capias,
982 2394 1099 2473 absque
1136 2390 1234 2451 verbo

311 2476 392 2535 enim
416 2483 535 2552 essent,
558 2483 590 2537 et
611 2477 696 2538 nulla
717 2494 840 2558 qunque
859 2482 964 2537 essent
981 2480 1183 2537 santamente.

393 2558 482 2619 Adeo
504 2565 605 2620 autem
636 2562 789 2639 persuasit
808 2561 886 2621 haee
907 2566 1014 2622 nostra
1042 2558 1082 2619 de
1104 2559 1235 2635 utrisque

310 2642 414 2721 speeie
436 2644 589 2703 sententia
611 2644 733 2721 orbem,
769 2651 803 2703 ut
831 2645 924 2705 etiam
946 2640 1113 2703 adversarii
1135 2640 1235 2700 nostri

310 2742 378 2784 eam
401 2727 513 2785 norint
558 2724 637 2801 Quia
658 2733 761 2787 autem
790 2726 834 2787 illi
863 2742 926 2787 non
949 2724 1077 2799 infirmi,
1111 2721 1165 2783 sed
1188 2723 1251 2783 in-=

311 2806 410 2869 durati
431 2814 517 2885 sunt,
550 2828 588 2869 ao
615 2817 752 2870 nostram
780 2809 969 2887 donuinam,
1002 2826 1093 2888 quam
1120 2810 1236 2866 norunt

311 2908 464 2949 sannanim
487 2891 642 2952 literarum
665 2893 850 2954 testimoniis
872 2894 945 2967 niti,
971 2897 1152 2971 oppugnant
1177 2889 1234 2961 (si-

311 2972 433 3050 quidem
456 2975 486 3033 vi
508 2982 656 3054 pergunt,
691 2994 730 3036 ao
750 2994 806 3036 sna
840 2976 1005 3036 autoritate
1036 2992 1093 3033 nos
1122 2990 1235 3051 urgere

311 3054 523 3139 voiunt)‚non
548 3057 693 3119 eodemus
714 3060 769 3139 eis,
792 3076 892 3137 neque
914 3076 1019 3119 eornm
1031 3056 1234 3137 pertinaciam

311 3156 367 3199 neu
399 3138 588 3200 infirmorum
627 3142 761 3203 errorem
798 3140 1014 3218 tolerabimus,
1053 3138 1233 3221 praesertim

312 3240 380 3281 eum
403 3240 465 3283 non
489 3225 611 3302 possint
631 3230 771 3285 nostram
794 3225 976 3285 sententiam
999 3224 1146 3300 refutare,
1181 3238 1234 3279 ne-

312 3323 371 3383 que
393 3305 607 3384 nitentium,
640 3326 730 3385 quam
764 3309 930 3369 autoritate
950 3307 1111 3368 Romanae
1134 3302 1233 3364 eoeie·
1258 3362 1260 3369 ,

311 3387 377 3447 siae
398 3389 459 3448 sint
480 3389 610 3450 subnixi.
653 3390 694 3450 ut
715 3391 787 3470 quia
813 3410 847 3451 se
876 3397 938 3451 tam
961 3389 1158 3470 pertinaoiter
1179 3404 1233 3465 op-

311 3476 444 3548 ponunt,
477 3470 549 3533 ideo
579 3474 693 3534 nostris
724 3480 885 3553 utramque
913 3473 1049 3553 speeiem
1078 3468 1235 3531 exhibebi-

310 3572 395 3628 mns3
432 3554 497 3613 sive
526 3554 720 3617 offendantur
750 3576 789 3616 aa
809 3575 857 3632 re,
894 3557 959 3616 sive
985 3574 1058 3616 non.
1101 3552 1142 3613 Et
1161 3553 1235 3632 quia

310 3636 340 3693 vi
361 3654 399 3695 ao
420 3638 589 3715 pertinacia
611 3660 644 3699 se
666 3645 845 3719 opponunt,
869 3636 943 3699 nihil
966 3638 1093 3699 omnino
1116 3642 1165 3695 est
1188 3635 1233 3695 eis

311 3718 554 3779 eoncedendum.
896 3740 897 3749 ¹

393 3801 469 3862 iilud
501 3810 602 3863 autem
634 3805 707 3864 mibi
737 3805 871 3864 maxime
903 3803 1020 3884 planet,
1057 3801 1138 3881 quod
1172 3800 1235 3861 boo

311 3891 536 3946 sacramentum
559 3905 620 3946 non
644 3889 683 3946 sit
704 3889 771 3947 sine
792 3886 1017 3967 perseeutione.
1050 3884 1125 3945 Ideo
1150 3886 1233 3944 enim

312 3967 450 4029 Christus
471 3967 502 4029 id
525 3968 668 4047 institnit,
692 3977 731 4030 nt
752 3977 836 4030 esset
857 3988 914 4030 oen
936 3977 1054 4030 tessera
1074 3966 1124 4028 vei
1147 3973 1233 4045 nota,

190 4065 195 4071 ·
311 4067 372 4127 qua
404 4050 650 4112 disoernerentur
674 4052 839 4113 Christiani
870 4051 909 4115 eb
937 4052 1015 4116 aliia
1059 4049 1126 4112 Nisi
1149 4051 1232 4111 enim
