3075 4775
479 541 537 596 suis
556 538 666 609 Lipsius
683 538 877 609 dispondeo.
895 540 967 595 xlx.
1112 534 1175 604 289

254 724 362 787 hebere
375 725 493 789 debere
510 728 691 808 episeopum
706 729 862 808 proprium
877 729 943 788 inre
953 727 1068 803 divino,
1090 727 1173 806 quod

255 828 291 869 ox
311 808 409 871 Paulo
434 810 491 873 Tit.
518 814 546 873 l.
570 809 701 871 ostendo
727 810 865 871 dioensis:
892 810 989 871 Huius
1010 812 1054 871 rei
1075 812 1175 890 gretie
1263 874 1266 878 ,

254 892 356 972 reliqui
379 901 413 954 te
434 893 562 972 (iretoe,
584 902 617 954 ut
637 912 717 973 quse
739 894 851 954 desunt
878 894 1014 974 oorrigss
1041 900 1074 955 et
1101 912 1173 953 oon-

255 977 358 1037 slr'tnss
383 977 584 1057 presbyteros
601 996 656 1056 per
679 978 829 1052 divitates,
851 978 932 1037 sieut
952 995 1012 1057 ego
1035 976 1174 1057 disposui

255 1057 312 1121 tibi.
356 1059 424 1121 Hos
451 1066 553 1121 sutem
567 1059 765 1139 presbyteros
787 1080 858 1120 esse
878 1060 1056 1140 episcopos,
1078 1067 1172 1119 teste·

254 1149 298 1201 tur
318 1142 529 1223 Hieronymus
557 1149 588 1203 et
609 1149 711 1205 textus
734 1160 867 1222 sequens
890 1143 1027 1203 ostendit
1050 1142 1171 1203 diesne:

255 1223 382 1304 Oportet
419 1227 500 1287 enim
533 1226 713 1306 episeopum
728 1246 814 1286 ¹esse
833 1224 1170 1306 irreprehensibilern¹l

254 1314 307 1373 etr.
350 1308 416 1371 Sed
438 1318 470 1370 et
490 1308 525 1373 Β.
547 1308 738 1389 Augustinus
767 1309 910 1389 Epistola
931 1312 980 1374 29.
1005 1308 1045 1368 sd
1066 1309 1172 1369 Hiero·

255 1411 377 1471 npmsm
408 1394 590 1472 episcopum
620 1392 829 1471 descripturus
855 1395 1007 1453 rationem
1035 1391 1122 1453 addit
1142 1398 1174 1451 et

255 1474 337 1536 dieii:
381 1476 459 1537 Erat
481 1478 561 1536 enirn
590 1476 716 1553 divites,
749 1476 837 1555 quasi
859 1476 991 1554 diseret,
1023 1494 1086 1535 non
1108 1480 1175 1534 erut

254 1558 387 1640 simplex
412 1558 593 1640 presbyter,
625 1558 681 1619 sed
703 1559 884 1639 episeopus,
903 1558 946 1643 de
967 1576 1028 1638 quo
1052 1557 1174 1636 loquor,

254 1643 322 1720 quio
344 1651 415 1703 eret
436 1643 554 1721 oivites,
575 1643 624 1703 eui
647 1649 798 1721 praeerat.
851 1635 856 1647 “

558 1724 701 1786 Secundo
725 1744 879 1804 suppono

333 1808 491 1869 Christum
520 1808 635 1869 hebere
663 1815 716 1869 sut
735 1806 901 1887 aliqnando
923 1805 1068 1867 hahuisse
1091 1804 1174 1866 Chri·

255 1892 369 1953 stianos
396 1893 427 1951 in
451 1894 534 1951 omni
548 1892 679 1952 termino
693 1899 805 1968 terres,
826 1898 860 1949 ut
879 1892 910 1949 in
926 1897 1066 1951 extreme
1088 1894 1175 1969 porte

253 1974 354 2035 lndiee
377 1982 411 2035 et
432 1974 623 2054 Aethiopes,
647 1982 678 2033 et
699 1974 768 2034 eliis
790 1972 901 2034 finibus
922 1974 1010 2033 iuste
1030 1972 1112 2033 Pssl.
1134 1975 1172 2034 2:

255 2056 489 2119 Possessionem
512 2064 594 2119 tuem
627 2058 776 2119 terminos
809 2064 924 2135 teme,
958 2064 990 2116 et
1010 2056 1091 2117 Psol.
1116 2058 1173 2119 72:

256 2140 469 2203 Dominabitur
497 2160 515 2200 s
538 2142 733 2220 mariusque
755 2139 794 2201 ed
818 2159 919 2216 mure,
955 2138 1173 2201 statumine

255 2242 348 2304 usque
372 2223 413 2285 sd
437 2225 583 2287 terminos
605 2223 687 2285 orbis
710 2232 869 2287 terrorum.

567 2305 673 2368 Tertio
695 2324 851 2388 suppono.

332 2391 460 2455 Fideles
482 2390 713 2467 Christianos2)
736 2409 832 2471 posse
847 2409 923 2456 xesse
951 2391 1105 2471 perfeelos
1138 2398 1170 2450 et

256 2494 424 2556 psuperes,
447 2475 562 2536 reliotis
585 2475 726 2535 omnibus
749 2476 812 2535 suis
843 2474 950 2552 robus,
978 2476 1023 2534 its
1043 2483 1079 2534 ut
1097 2472 1173 2533 nihil

256 2560 369 2639 proprii
392 2557 535 2620 habeant.

607 2641 694 2701 Tune
716 2659 822 2720 urguo.

336 2726 458 2786 Dentur
478 2722 550 2798 hi³l
575 2722 683 2786 fideles
705 2725 735 2784 in
752 2731 895 2784 extremo
916 2723 1019 2801 uliquo
1044 2722 1173 2783 termino

169 2805 170 2834 '
256 2816 365 2886 terreo,
386 2806 513 2888 perfecti
535 2814 567 2866 et
582 2826 749 2888 pauperes,
773 2806 916 2870 credisne
935 2806 1100 2882 Christum,
1122 2806 1173 2882 qui

257 2890 372 2973 legem.
392 2909 477 2952 suem
502 2889 600 2951 voluit
621 2909 690 2951 esse
712 2909 856 2966 suavem,
891 2889 1042 2965 voluisse,
1067 2894 1100 2948 ut
1115 2905 1176 2972 per

257 2981 372 3036 tentum
395 2975 452 3036 iter
473 2974 567 3034 tentis
593 2973 764 3054 sumptibus
786 2972 897 3034 fideles
916 2974 964 3034 sui
994 2972 1173 3051 episeopum

257 3058 388 3120 elloms
408 3056 567 3138 pellisturn
590 3064 622 3117 et
642 3056 855 3118 ooofirmetum
878 3053 1075 3135 seoipsrent?
1095 3053 1174 3113 Nem

258 3141 326 3203 hine
349 3160 423 3202 vere
457 3139 525 3220 plus
551 3141 750 3220 imposuisset
782 3141 886 3200 oneris
906 3137 1059 3200 eeclesiae
1091 3155 1176 3209 sues,

258 3243 348 3303 quem
385 3241 519 3303 nuquam
550 3223 697 3304 imposuit
718 3241 908 3305 synogogae.
950 3221 1031 3296 Quin
1058 3221 1175 3301 ooegis·

257 3316 310 3372 set.
323 3326 380 3370 eos
403 3307 576 3388 paupertati
598 3307 799 3388 evangelicoe
820 3305 1017 3380 renuueiere,
1049 3312 1083 3364 et
1102 3321 1175 3364 oon·

260 3397 377 3472 tempto
408 3395 573 3470 prseeepto
601 3390 668 3451 eius
695 3409 799 3452 eurem
821 3389 937 3450 hebere
966 3396 998 3448 et
1024 3387 1176 3448 sollieitos

257 3494 343 3553 esse,
380 3471 539 3553 quomodo
556 3471 677 3534 divitias
700 3481 733 3534 et
754 3479 894 3552 sumptus
929 3478 1175 3548 sources-serent,

260 3576 318 3637 quo
358 3557 453 3638 pellis
486 3562 518 3615 et
556 3549 807 3618 oonlirmsti'ones
843 3557 1006 3637 impetrem
1041 3562 1178 3635 possent.

259 3640 334 3704 Nsm
359 3642 385 3702 si
407 3649 455 3702 est
473 3640 527 3698 ius.
545 3637 696 3717 diuinum,
719 3641 886 3720 episcopos
908 3657 1017 3703 omnes
1039 3659 1057 3700 s
1078 3639 1177 3700 Rome

259 3726 408 3804 eeoipere,
430 3741 494 3787 uon
517 3721 737 3786 liesthooullo
759 3723 810 3783 vel
831 3722 893 3784 loei
915 3722 965 3782 vel
986 3741 1087 3784 rerum
1102 3739 1176 3782 essu

260 3809 440 3888 intringere,
469 3823 507 3866 eo
528 3824 583 3885 per
611 3805 672 3867 hoo
693 3805 859 3887 infringere
881 3813 1004 3885 oportet
1024 3805 1107 3866 eliud
1128 3806 1176 3863 ius

267 3935 688 3961 mma—fl·-

291 3999 324 4068 1)
345 3998 377 4052 ln
404 3995 571 4051 editionibus
597 3997 717 4064 origine
748 3996 1004 4063 reprehensibilem.
1039 3996 1069 4054 2t
1091 3994 1176 4049 thid:

260 4069 417 4126 Christisni.
454 4069 485 4132 3)
504 4067 589 4123 lirim:
610 4069 649 4123 hii
1169 4065 1174 4076 ’

285 4171 376 4212 neore
390 4180 442 4220 opp.
457 4171 483 4214 v.
496 4173 523 4214 s,
539 4173 568 4213 su
581 4171 870 4222 rsthlrtl.p.vol.111.
973 4141 1011 4202 19
