3075 4775
356 520 419 587 368
606 523 701 579 Resol.
719 522 748 575 L.
767 538 852 591 super
869 523 1064 591 Propositione

358 711 523 771 autoritate
544 690 738 789 Scripturas,
756 709 787 768 id
811 716 872 786 est,
896 707 1085 769 mendaciter
1104 708 1209 768 facere
1233 726 1285 767 co-

358 813 423 935 ξω,
446 800 574 873 parcant
590 792 622 854 S.
643 791 834 872 Hieronymo
857 792 949 851 lautis
971 790 1129 851 autoribus
1152 792 1283 850 munito.

383 897 398 937 r

398 875 533 938 oolamat
553 875 605 935 ille
628 874 721 954 longe
738 873 959 954 impudentius,
983 876 1149 954 episcopos
1173 881 1283 953 poten·
1380 917 1381 951 ,

359 960 401 1020 tia
422 958 594 1019 divitiarum
618 966 648 1017 et
664 956 835 1017 humilitate
849 959 1037 1035 paupertatis
1059 959 1192 1017 invicem
1213 976 1284 1017 esse
1380 960 1381 963 ’

359 1042 408 1102 vel
430 1042 625 1101 sublimiores
653 1040 702 1101 vel
724 1041 894 1101 inferiores.
939 1039 1007 1119 Ego
1031 1059 1185 1101 consensu
1210 1040 1284 1099 fide·

273 1123 278 1133 “
359 1125 432 1185 lium
455 1131 487 1185 et
507 1124 638 1185 decretis
660 1123 817 1183 hominum
840 1122 871 1182 id
893 1131 1007 1183 astruo.
1032 1123 1092 1183 Cur
1114 1142 1177 1183 non
1201 1122 1283 1182 huno

359 1210 593 1283 irreverentem,
623 1205 851 1285 blasphemum,
875 1204 1073 1279 seditiosum,
1096 1204 1142 1266 bis
1166 1208 1282 1285 septies

359 1291 542 1352 comburunt
568 1290 741 1349 haereticae
770 1288 928 1368 pravitatis
953 1290 1126 1367 pravissimi
1156 1290 1283 1367 inquisi-

360 1374 464 1435 tores?
500 1373 608 1433 Sinaut
636 1392 685 1431 me
714 1391 782 1431 cum
806 1372 995 1451 Hieronymo
1019 1373 1137 1431 interim
1162 1392 1282 1451 sapere,

291 1488 295 1493 ·
361 1459 464 1518 sinant
490 1476 558 1515 cum
588 1453 703 1530 Paulo,
732 1455 840 1532 Patro,
874 1454 1027 1532 iohanne,
1052 1455 1134 1515 Luca
1156 1456 1282 1517 sentire.

360 1538 392 1601 si
414 1539 475 1599 boc
496 1559 558 1599 uon
583 1545 631 1598 est
653 1540 739 1611 satis,
769 1558 845 1618 age,
869 1536 1049 1597 comburant
1071 1558 1127 1597 sua
1149 1538 1283 1597 Decreta

360 1623 501 1703 primum,
544 1621 621 1680 Nam
654 1620 732 1680 haec
761 1621 894 1699 epistola
915 1620 1059 1681 recitatur
1080 1622 1109 1679 in
1132 1621 1284 1696 Decretis,

361 1705 429 1765 dist.
454 1707 502 1767 93.
526 1722 551 1764 c.
575 1704 721 1783 legimus,
751 1704 876 1783 legitur,
904 1703 1040 1779 auditur,
1063 1704 1208 1779 docetur,
1232 1724 1283 1783 ap-

360 1789 508 1868 probatur
540 1787 618 1846 haec
649 1785 687 1845 ab
720 1787 868 1846 universis
907 1787 937 1845 iu
966 1786 1098 1847 ecclesia
1131 1788 1282 1847 Romana.

362 1870 423 1931 Gur
450 1891 508 1950 ego
539 1889 616 1929 uirus
646 1870 814 1949 prohibeor
844 1869 945 1929 dicere
975 1877 1006 1929 et
1034 1871 1164 1947 sentire,
1200 1870 1281 1950 quod

360 1956 483 2035 ipsimet
504 1972 612 2013 omnes
635 1950 749 2030 dicunt,
773 1954 916 2029 sentiunt,
938 1952 1104 2031 iubentqne
1127 1952 1262 2013 sentire?

442 2038 647 2115 Hieronymus
671 2055 733 2094 non
757 2035 851 2096 modo
875 2036 1040 2115 episcopos
1069 2042 1184 2113 aequat
1205 2037 1284 2096 inter

361 2140 405 2197 se,
428 2120 481 2181 sed
505 2126 536 2179 et
559 2117 756 2198 presbyteros
779 2118 933 2198 episcopis
956 2126 1129 2199 comparat,
1152 2118 1282 2179 alterurn

363 2204 488 2278 aetatis,
522 2201 651 2261 alterum
684 2199 777 2261 oflicii
811 2220 922 2261 nomen
959 2221 1028 2261 esse
1061 2203 1283 2281 pronuncians.

264 2296 268 2300 ’
363 2284 429 2365 ligo
463 2285 557 2364 longe
586 2284 923 2359 reverentiuslocutus
953 2284 1026 2353 nibil
1049 2292 1138 2365 peto,
1172 2286 1231 2344 nisi
1253 2292 1284 2344 nt

362 2367 571 2431 contrahens
594 2369 752 2430 veritatem
776 2389 838 2428 nnn
862 2387 956 2449 cogar
969 2367 1139 2449 Scripturas
1164 2373 1195 2429 et
1218 2388 1281 2428 ver·
1350 2389 1353 2396 ·

362 2452 433 2512 bum
456 2453 514 2512 Dei
543 2451 680 2512 illudere.
725 2450 772 2512 Sit
796 2452 952 2512 Romanus
974 2452 1113 2531 pontifex
1136 2450 1282 2530 quidquid

363 2535 512 2611 voluerit,
548 2534 641 2596 modo
665 2535 830 2595 autoritate
852 2534 1027 2613 Scripturas
1049 2535 1079 2594 id
1102 2554 1164 2594 non
1188 2543 1283 2594 astru-

362 2624 431 2694 ant,
459 2617 514 2678 sed
545 2625 576 2676 et
597 2617 768 2696 Scripturas
800 2637 904 2678 eorum
929 2619 1032 2678 sensui
1054 2619 1152 2698 aptari
1175 2619 1285 2697 patiar,

363 2702 456 2762 modo
494 2721 534 2761 ne
561 2701 644 2760 huno
672 2719 741 2762 esse
769 2721 948 2781 germanum
979 2707 1010 2761 et
1036 2701 1134 2762 solum
1160 2720 1283 2762 sensum

364 2784 563 2846 contendant.
607 2783 662 2844 Sat
688 2803 762 2863 ergo
793 2791 854 2861 est,
888 2784 970 2863 quod
1000 2782 1204 2864 frigidissimis
1227 2784 1285 2843 De·

365 2870 456 2928 cretis
479 2869 627 2947 primatus
648 2868 804 2946 asseritur,
827 2867 878 2945 qni
896 2867 1125 2927 ferventissimis
1138 2867 1197 2926 Dei
1221 2886 1284 2926 ver·

364 2950 409 3010 bis
433 2959 569 3031 negatur.
593 2949 653 3010 Sed
676 2950 836 3010 audiamus
859 2951 966 3010 iterum
989 2949 1130 3026 eundem,
1152 2951 1183 3009 in
1203 2969 1286 3010 eom·

326 3074 328 3081 ·
365 3036 514 3094 mentatio
537 3053 629 3112 super
650 3033 822 3112 Epistulam
845 3032 884 3094 ad
906 3033 1018 3094 Titum.

371 3197 425 3282 [D.
445 3200 652 3279 Hieronymus
681 3199 711 3258 in
740 3199 967 3364 coprmeptariis
989 3197 1149 3278 Epistulae
1172 3199 1212 3259 ad
1239 3199 1287 3258 Ti-

791 3301 849 3344 um.

450 3449 532 3510 ldem
556 3455 605 3510 est
627 3468 700 3528 ergo
724 3448 885 3529 presbyter·
907 3448 957 3527 qui
980 3448 1160 3530 episcopus,
1183 3456 1216 3507 et
1236 3469 1285 3508 an·

367 3536 489 3609 tequam
513 3532 627 3592 diaboli
650 3532 794 3591 instinctu
818 3530 918 3590 studia
941 3532 970 3590 in
994 3531 1144 3611 religione
1167 3529 1287 3607 fierent,

366 3622 397 3675 et
418 3614 570 3676 diceretur
592 3617 623 3674 in
638 3615 773 3694 populis:
797 3614 864 3694 Ego
888 3633 952 3674 sum
967 3613 1062 3692 Pauli,
1085 3633 1144 3694 ego
1160 3614 1287 3694 Apollo,

366 3716 425 3778 ego
449 3705 550 3758 autern
573 3697 694 3777 Cephe,
728 3698 882 3757 communi
914 3697 1161 3776 presbyterorum
1186 3698 1287 3758 consi-

365 3781 407 3842 lio
430 3781 583 3841 ecclesiae
604 3780 861 3860 gubernabantur.
904 3781 1070 3859 Postquam
1100 3799 1173 3840 vero
1198 3800 1288 3839 unus-

366 3864 496 3944 quisque
518 3882 589 3938 eos,
624 3883 700 3942 quos
728 3863 911 3943 baptisarat,
948 3882 1020 3923 suos
1052 3882 1121 3922 esse
1150 3864 1289 3942 putabat,

366 3966 428 4008 nou
452 3945 572 4025 Christi,
594 3947 625 4005 in
648 3951 713 4006 toto
737 3946 811 4006 orbe
834 3945 989 4007 decretum
1015 3951 1071 4024 est,
1094 3953 1127 4006 ut
1148 3966 1226 4006 unus
1250 3946 1289 4006 dc

367 4029 553 4112 presbyteris
577 4028 693 4089 electus
715 4036 989 4110 superponeretur,
1012 4028 1051 4091 ad
1074 4048 1164 4110 quem
1188 4030 1289 4090 omnis
