3075 4775
557 539 715 596 chlotariis
732 543 859 610 excepte.
1028 601 1034 609 x
1132 535 1174 603 41
1208 612 1212 618 .

248 728 359 811 priano
397 736 430 790 et
456 727 577 792 Niccno
600 727 741 792 Concilio
774 729 880 806 attuli,
913 730 1056 811 egregius
1077 729 1115 789 D.
1137 728 1178 791 D.

254 814 325 876 satis
349 813 506 874 rhetorice
530 814 729 893 contempsit,
752 813 877 890 dicens,
912 813 995 893 quod
1025 831 1084 874 nec
1110 832 1178 892 pro·

255 903 411 973 moveant,
427 915 486 956 nco
502 895 674 977 impediant
685 899 856 978 negotium.
885 896 946 958 sed
968 915 1024 977 per
1036 895 1105 957 hoc·
1116 915 1179 957 non

256 979 436 1041 dissolvitur
459 998 529 1040 rnea
550 981 730 1059 responsio,
758 987 820 1042 stat
851 998 926 1061 ergo
954 979 1063 1051 adhuc¹
1077 979 1180 1054 decre·

255 1071 316 1124 tum
342 1063 513 1141 Nicenum,
535 1069 589 1124 aut
610 1063 635 1122 si
658 1082 720 1124 non
743 1067 820 1144 stet,
857 1070 889 1124 et
909 1070 1018 1124 contra
1037 1065 1084 1124 ius
1107 1063 1181 1124 divi·

255 1167 325 1206 num
351 1152 536 1224 statuerunt,
559 1165 621 1207 non
644 1147 830 1208 catholicum
853 1146 1105 1229 concilium„aed
1119 1145 1180 1207 dic

255 1223 395 1290 bolic'um'
426 1228 663 1291 conciliabulum
694 1230 912 1312 appellandum
941 1231 1013 1308 erit3
1046 1231 1092 1289 sic
1114 1249 1181 1290 cum

256 1319 378 1393 putaret
404 1313 608 1393 Augustinum
633 1332 695 1375 non
717 1315 812 1376 luisse
832 1311 1050 1390 inducendum,
1072 1319 1103 1374 et
1117 1312 1182 1393 pul·
1268 1320 1279 1331 ‘

256 1396 408 1458 cherrima
439 1397 546 1475 glossa
573 1415 629 1457 sua
660 1395 848 1477 cyprianum
867 1417 943 1476 .per
976 1395 1180 1477 Augustinum
1274 1451 1277 1456 .

256 1479 422 1539 adductum
446 1479 490 1540 ite
511 1480 731 1560 interpretatus
754 1487 810 1558 est,
835 1479 918 1560 quod
932 1480 1104 1560 Cyprianus
1118 1498 1181 1538 am·
1248 1524 1252 1530 .

257 1561 405 1624 bitionem
440 1569 470 1624 et
499 1561 672 1643 superbiam
708 1582 815 1626 eornm
842 1561 1097 1644 reprehenderet,
1131 1562 1182 1641 qui

258 1665 292 1705 se
323 1647 411 1724 ipsos
446 1645 640 1725 ingererent,
673 1653 839 1726 antequam
866 1652 1064 1724 vocarentur,
1104 1645 1184 1706 sicut

259 1729 376 1790 Aaron.
427 1727 497 1790 Hoc
524 1749 609 1789 mera
636 1728 749 1791 fiducie
779 1730 872 1809 dixit,
908 1736 1043 1792 ceterum
1080 1734 1184 1789 textus

259 1813 333 1874 satis
356 1811 458 1872 clarus
481 1819 538 1888 est,
561 1811 643 1891 quod
665 1813 766 1874 nullus
789 1815 965 1894 episcopus,
986 1813 1121 1892 quiiam
1144 1813 1185 1872 sit

259 1897 440 1975 episcopus,
471 1915 506 1954 sc
528 1895 715 1956 constituere
737 1895 851 1959 debeat
870 1897 999 1957 aliorum
1023 1897 1185 1975 episcopo·

259 1995 324 2038 rum
347 1979 537 2058 episcopum.
583 1976 651 2039 Stat
678 1998 752 2060 ergo
779 1979 885 2049 ,adhuc
913 1998 984 2040 mea
1010 1979 1182 2058 responsio.

342 2060 393 2120 Ad
408 2067 539 2140 sextam,
562 2062 698 2142 graviter
717 2082 767 2123 me
784 2062 982 2144 reprehendit
997 2062 1079 2122 idem
1097 2081 1181 2142 egre·

153 2213 154 2216 ¹
262 2146 330 2224 gius
352 2144 391 2206 D.
413 2144 515 2223 Doct,
548 2143 631 2224 quod
658 2146 690 2204 in
717 2146 815 2208 altera
841 2147 1006 2227 autoritate
1037 2144 1182 2225 Cypriani

153 2249 154 2262 ¹
260 2227 445 2288 obtinuerim
467 2227 529 2288 hoo
549 2226 751 2307 vocabulum,
784 2229 985 2309 principalem
1009 2228 1183 2304 ecclesiam,

152 2315 153 2318 ’
260 2309 373 2371 deinde
395 2310 481 2370 velut
502 2312 733 2392 grammaticum
756 2331 806 2372 me
822 2329 900 2373 naso
913 2310 1083 2392 suspendit,
1100 2309 1183 2392 qnod

261 2392 403 2466 dixerim,
426 2400 532 2455 ortam.
547 2412 617 2455 esse
639 2395 786 2457 unitatem
801 2392 1025 2457 sacerdotalem
1048 2414 1087 2455 ex
1103 2395 1184 2454 Petri

261 2477 344 2539 sede.
388 2476 463 2538 ldeo
487 2495 587 2537 novus
609 2477 787 2539 dialecticus
820 2478 870 2540 vel
896 2478 1101 2559 philosophus
1129 2495 1182 2558 po

259 2560 317 2621 tius
340 2568 443 2621 ortum
466 2559 548 2621 hunc
567 2562 785 2642 iuterpretatur
806 2562 1055 2640 commissionis,
1077 2559 1182 2621 subor-

262 2643 450 2720 dinationis,
479 2662 533 2705 sen
556 2642 700 2723 influxus,
726 2645 885 2724 Alioquin,
911 2645 1025 2724 inquit,
1057 2652 1117 2703 nec
1144 2662 1183 2704 ax

209 2726 212 2733 ’
260 2724 487 2805 Hierosolymis
510 2725 596 2788 dabit
617 2746 710 2787 unum
733 2726 936 2790 sacerdotem.
978 2724 1182 2805 Respondeo:

260 2808 332 2869 sive
354 2808 524 2887 docuerim,
546 2810 612 2869 sive
632 2811 756 2870 locutus
778 2810 900 2886 luerim,¹
919 2810 980 2870 hoc
998 2808 1182 2869 vocabulum
1255 2875 1257 2879 ,

258 2891 429 2971 principale
449 2891 530 2953 idem
554 2899 609 2967 est,
632 2912 691 2953 nec
713 2894 794 2953 enim
818 2900 922 2973 potest
935 2890 1183 2972 principalisvo·

260 2976 319 3033 cari
337 2980 482 3054 respectu
496 2974 653 3036 orientalis
667 2976 828 3054 ecclesiae,
851 2982 885 3036 ut
902 2976 977 3036 satis
991 2973 1104 3034 dictum
1125 2978 1182 3033 ast.

162 3068 169 3077 ‘
256 3076 258 3080 ·
339 3055 463 3117 Deinde
488 3063 694 3119 commentum
718 3078 805 3119 snum
829 3058 868 3119 de
890 3064 957 3119 ortu
978 3046 1112 3117 influxus
1134 3074 1183 3115 ea

259 3140 328 3200 dem
351 3138 500 3200 facilitate
529 3146 711 3219 contemno,
741 3161 803 3222 qua
830 3143 898 3221 ipse
929 3139 1034 3218 finxit,
1065 3145 1097 3199 et
1118 3158 1181 3200 nou

259 3230 306 3284 est
328 3220 456 3288 difficile
478 3222 550 3300 mihi
574 3222 639 3283 dari
667 3243 760 3284 unum
789 3224 982 3285 sacerdotem
1012 3242 1050 3283 cx
1072 3222 1179 3283 Hiero·

260 3305 400 3385 solymis,
424 3303 542 3366 scilicet
561 3306 661 3386 ipsum
683 3304 857 3386 Christum,
879 3326 898 3367 u
919 3325 981 3385 quo
1003 3306 1129 3385 incepit,
1152 3311 1184 3366 et

259 3387 329 3448 hinc
353 3395 424 3449 orta
445 3393 476 3447 et
497 3388 637 3468 profecta
658 3396 706 3449 est
727 3390 870 3466 ecclesia,
892 3391 979 3450 iuxta
1000 3388 1073 3448 illud
1084 3388 1204 3449 Isaiae-

260 3474 293 3533 2:
324 3471 373 3531 De
396 3470 471 3530 Sion
493 3470 589 3548 exibit
610 3471 676 3547 lex,
700 3478 730 3532 et
753 3471 876 3533 verbum
900 3472 1025 3532 Domini
1042 3471 1093 3531 ‘de
1115 3472 1184 3531 Hie-

259 3554 401 3627 rusalem.
447 3555 507 3615 lam
543 3554 625 3633 qnod
654 3553 785 3632 addidit,
814 3556 978 3615 autoritate
1004 3554 1186 3634 Hieronymi

259 3636 441 3697 orientalem
475 3635 638 3697 ecclesiam
670 3637 763 3697 fuisse
796 3635 1021 3698 schismaticam
1049 3644 1081 3698 et
1109 3633 1185 3696 indi-

260 3720 387 3781 scissam
418 3719 545 3781 Domini
580 3721 711 3795 tunicam
742 3721 914 3781 minutatim
948 3719 1184 3800 discerpentem,

258 3804 366 3863 nescio
404 3821 480 3863 sane
508 3802 581 3881 quid
615 3802 708 3881 velit,
731 3822 790 3863 nec
820 3803 900 3863 enim
938 3808 1043 3883 potest
1070 3801 1184 3879 dicere,

260 3885 343 3968 quod
366 3892 434 3945 tota
455 3884 614 3947 orientalis
636 3885 769 3946 ecclesia
792 3893 824 3947 et
844 3906 967 3967 semper
988 3884 1184 3946 tueritschis-

259 3970 381 4029 metica.
393 3966 475 4028 Hinc
486 3986 544 4027 nec
557 3987 672 4049 negare
684 3968 889 4049 potestquod
903 3975 935 4029 et
945 3969 1042 4028 latina
1050 3966 1185 4027 ecclesio

260 4070 316 4111 sue
329 4050 437 4113 habuit
448 4049 615 4130 aliquando
629 4051 806 4131 schismata,
828 4059 861 4113 et
881 4058 985 4113 teman
1000 4049 1113 4109 mansit
1136 4067 1184 4109 ec
