3075 4775
1188 463 1202 500 t

543 564 561 603 a
578 549 701 604 ilotsriis
717 556 843 618 empta.
1132 547 1175 616 ὥ
1201 543 1207 562 ’

313 733 436 796 Deinde
460 733 544 814 quod
568 732 915 814 glorieturreverendus
931 691 1032 814 Pater,
1053 755 1088 798 se
1109 737 1175 798 iure

253 819 355 880 divino
379 819 467 897 loqui
488 817 556 882 Lue.
581 819 638 894 223
660 835 718 899 ego
741 817 906 887 absarrum
929 820 1026 880 vuum
1046 819 1173 880 ederam

252 899 1173 987 RieherdumAmeresnum,etiemLeonisautoritatefretum,

252 986 333 1046 dieat
347 993 380 1046 et
400 1005 449 1045 me
472 983 601 1045 eundem
617 984 743 1045 eredere
766 983 919 1064 evangelii
941 986 1121 1065 scripturam
1142 994 1175 1046 at
1265 1023 1269 1028 ι

250 1071 295 1130 ius
306 1069 456 1130 divinum.
479 1068 521 1128 At
535 1066 720 1138 reverendus
731 1066 823 1131 Pater
835 1085 893 1128 sun
905 1068 1172 1147 nixusintelleotu,
1269 1131 1276 1146 ,

250 1171 297 1214 me
317 1153 439 1233 respuit
460 1152 653 1231 antiquorum
666 1161 848 1230 sequentem
860 1149 1103 1231 intelligentiam.
1124 1152 1172 1212 lu·

213 1235 422 1296 *dubitatum
445 1240 545 1294 estet
566 1233 672 1294 Arium
691 1234 799 1315 (Pater
821 1234 919 1294 maior
940 1253 990 1295 me
1010 1240 1075 1312 est)
1100 1234 1172 1296 hae·

250 1321 379 1380 retieum
401 1325 433 1377 et
454 1317 655 1378 Auathasium
676 1317 821 1378 habuisse
840 1317 1044 1398 evangelium,
1067 1336 1173 1378 verum

233 1402 339 1484 ¹Arius
363 1419 503 1478 erronee,
519 1400 715 1476 Athanasius,
737 1408 771 1460 ut
791 1399 921 1480 Spiritus
943 1408 1066 1460 sanetus
1088 1399 1188 1461 effla-f

249 1485 378 1566 gitebat,
400 1483 561 1544 intellexit.
588 1484 634 1543 De
656 1482 777 1543 adieota
802 1484 829 1560 'j
854 1481 1087 1544 confirmatione
1108 1502 1171 1544 non

248 1569 350 1646 refert,
368 1567 583 1645 enusquisque
605 1565 738 1644 prudens
760 1565 912 1646 intelligat
932 1585 1016 1644 eum,
1047 1568 1099 1646 qui
1120 1585 1172 1627 au·

250 1653 375 1713 toritate
385 1651 551 1730 superioris
566 1649 623 1709 sibi
640 1667 791 1710 ooneessa
805 1649 883 1709 alios
894 1647 1064 1725 oonflrmat,
1086 1667 1171 1730 prae·

250 1744 331 1795 stare
357 1734 390 1793 in
419 1733 480 1794 hoe
508 1730 714 1794 oonfirmatos.
743 1732 791 1791 De
820 1751 875 1812 per
905 1750 939 1792 se
966 1739 998 1793 et
1018 1752 1074 1813 per
1094 1735 1171 1794 aeui·

251 1817 338 1894 dens,
361 1817 468 1876 neseio
491 1833 552 1894 quo
574 1815 756 1896 pertineant.
777 1814 847 1875 Hoo
868 1834 925 1895 pro
946 1817 1054 1895 primo.

155 1899 156 1906 ’
336 1901 557 1980 Assumpturus
579 1897 764 1960 reverendus
780 1892 871 1958 Pater
891 1906 1073 1978 argumenta
1095 1919 1173 1977 mea,

252 1991 362 2045 eontra
383 1981 585 2062 principalem
607 1982 821 2057 intentionem,
843 1981 1010 2061 exprobret
1027 1982 1100 2042 mihi
1121 1984 1172 2042 im·

155 2077 156 2116 ἐ
252 2067 376 2130 modios
397 2066 566 2126 institutum
590 2084 690 2126 meum
712 2065 817 2140 fuisse,
838 2064 969 2144 probare
983 2066 1049 2126 iure
1068 2063 1173 2126 divine

155 2139 156 2210 Ῐ
249 2150 413 2210 eoelesiam
435 2149 525 2210 Rom.
555 2167 623 2208 esse
645 2147 712 2208 eliis
734 2148 919 2228 praelatam,
947 2156 980 2209 et
998 2154 1102 2209 nmen
1124 2167 1172 2209 so·

155 2259 156 2306 l
249 2232 308 2294 lum
331 2234 364 2292 in
387 2230 471 2292 dieta
492 2231 614 2292 Petrum
638 2239 669 2292 et
684 2231 867 2292 Senatorum
888 2231 1046 2292 inciderim
1054 2232 1173 2310 ,⁰quaei

249 2315 432 2397 amphorem
461 2315 594 2374 fauturus
617 2309 774 2375 urseoluin
797 2315 956 2397 aoeipiam.
978 2313 1172 2376 Pereatmilti

249 2398 435 2471 reuerendus
456 2399 555 2476 Pater,
578 2399 604 2458 si
624 2399 827 2459 intentionem
849 2418 951 2459 meam
971 2400 1102 2461 voluerit
1121 2398 1171 2459 rel
1219 2431 1228 2441 ae

250 2502 310 2544 non
334 2483 471 2563 potuerit
494 2483 625 2560 assequi.
647 2481 726 2543 Nam
750 2481 812 2543 hoe
831 2483 900 2543 fore
922 2483 960 2543 de
981 2484 1047 2543 iure
1068 2481 1174 2543 divino

250 2565 393 2643 satisfit,
415 2563 487 2624 dum
511 2572 557 2625 tot
579 2564 610 2627 Β.
633 2565 737 2625 Patres
760 2565 800 2625 de
821 2566 887 2625 iure
909 2565 1013 2626 divino
1036 2584 1108 2626 esse
1129 2565 1173 2625 di-

156 2656 157 2693 ³
248 2657 367 2727 xerunt,
392 2648 465 2709 lio'et
485 2649 531 2708 ius
541 2646 676 2709 divinum
688 2667 752 2709 non
765 2648 984 2709 obticuerimus
997 2648 1103 2709 Matth.
1117 2648 1172 2712 1'6:

249 2731 345 2813 Super
374 2731 455 2791 hano
482 2738 613 2811 petram,
641 2730 692 2791 ubi
720 2733 899 2797 autoritates
928 2731 959 2793 S.
981 2731 1104 2793 Petrum
1126 2732 1170 2790 in·

250 2814 329 2876 duxi.
1045 2833 1048 2838 ·

327 2898 377 2961 De
399 2896 565 2973 Bernardo,
586 2896 671 2957 euius
689 2898 836 2959 autoritas
859 2906 890 2956 et
909 2896 1001 2956 simul
1022 2897 1100 2957 ratio
1123 2903 1171 2955 est

249 2980 448 3053 invincibilis,
478 2980 581 3040 neseio
610 2978 766 3058 quomodo
794 2979 979 3041 reverendus
1001 2980 1091 3039 Pater
1123 2980 1170 3037 aui

249 3064 358 3127 oblitus
382 3063 502 3139 dixerit,
524 3080 572 3121 me
593 3062 755 3123 admisisse
780 3063 968 3124 Bernardum
989 3062 1052 3123 alio
1075 3080 1148 3122 sens

249 3146 394 3224 loentum,
412 3145 494 3225 quod
516 3144 606 3205 nullis
624 3147 716 3205 armis
732 3146 1019 3225 possitderinoere3
1041 3082 1171 3206 servatd

249 3232 327 3291 enim
349 3248 426 3291 vero
448 3234 479 3289 et
499 3229 633 3307 genuino
652 3228 827 3307 Scripturae
848 3249 952 3303 sensu,
973 3228 1168 3308 aequalitatis

250 3313 313 3375 Filii
334 3312 376 3373 ad
396 3312 540 3387 Patrem,
562 3313 677 3391 optime
699 3312 840 3391 prooedit
860 3312 892 3375 S.
914 3313 1062 3375 Bernerdi
1081 3314 1171 3373 rado.

327 3397 376 3457 De
398 3396 570 3477 Augustino
598 3404 630 3455 et
659 3395 746 3470 aliis,
780 3398 831 3475 qui
852 3396 978 3459 Petrum
1001 3397 1080 3458 dixit
1100 3414 1170 3456 esse

251 3486 386 3557 petrem,
399 3487 545 3558 anquam
560 3480 713 3569 contraria
725 3476 878 3540 dicentem
900 3481 1035 3541 insinuat
1052 3498 1086 3539 se
1108 3498 1171 3539 non
1254 3470 1263 3487 ⁸

249 3564 392 3643 resipere.
429 3562 544 3623 contre
564 3581 654 3641 quem
679 3580 737 3640 ego
761 3561 846 3623 dieo:
870 3562 1035 3637 Quomodo
1057 3561 1171 3622 audeat

249 3650 314 3705 tem‘
328 3653 480 3722 sanetum,
503 3651 565 3705 tem
589 3644 714 3706 doetum
736 3646 857 3707 Patrem
879 3642 1020 3709 credere*
1035 3646 1170 3705 sensisse

250 3731 400 3791 metiaris
409 3730 442 3789 in
452 3726 563 3789 eodem
586 3727 685 3790 libro?
708 3730 739 3789 in
753 3729 865 3791 eodem
881 3730 992 3810 eapite,
1013 3730 1045 3790 in
1062 3729 1170 3789 unius·

160 3814 163 3873 l
249 3829 304 3889 que
324 3812 499 3875 sententiae
519 3810 702 3890 saltatione,
724 3812 777 3875 lib.
803 3817 828 3875 l.
850 3820 971 3877 retreat.
996 3813 1110 3891 oep.21
1125 3809 1168 3884 ²).

284 4075 310 4139 l)
328 4072 467 4127 lmeseher
485 4069 665 4124 excoduso
684 4060 1170 4135 enertzotiecta.22)1otd.:e.12.
1220 4097 1227 4109 .
1274 4082 1283 4107 t
1331 4090 1336 4129 ,

275 4173 362 4215 tauers
379 4170 512 4224 oue·V.s.
528 4173 859 4225 mser.nn.t.p.v01.1n
986 4147 1005 4205 5
