3075 4775
540 534 607 588 xlii
625 533 662 589 da
680 539 817 603 potestne
835 534 938 603 Papae.
1132 530 1193 597 331

225 731 228 736 '
273 727 394 783 asterus
415 722 566 785 eeclesias
594 742 657 785 una
677 739 747 785 oum
765 722 909 799 onusto,
943 729 998 784 aut
1016 740 1059 783 se
1090 722 1192 802 ipsum

272 824 329 866 sna
349 806 473 868 inseitia
495 806 744 868 manifestissime
763 805 901 867 irridere.

329 887 447 963 'Quod
482 890 507 949 si
543 889 583 951 de
616 890 838 951 constitutione
872 889 1069 949 eeoiesiarum
1108 889 1195 949 iuxta

276 970 435 1051 dignitatis
455 973 569 1053 gradus
596 972 746 1051 loquitur,
782 992 843 1033 non
874 973 961 1031 iuxta
980 971 1194 1049 substantiam,

273 1061 359 1133 patet
390 1074 430 1114 ex
463 1055 643 1135 praedietis,
683 1075 773 1133 qnam
802 1071 948 1135 perversa
976 1054 1036 1113 hoe
1069 1054 1195 1115 verbum

274 1137 385 1198 Christi
408 1136 447 1197 de
469 1138 532 1200 fide
554 1140 648 1200 totius
672 1138 826 1217 eeclesiae
847 1138 1028 1201 universalis
1053 1144 1195 1215 torqueat

275 1220 314 1283 nd
337 1227 524 1300 potestatem
538 1223 627 1281 unius
649 1222 792 1282 hominis.
841 1221 977 1283 Christus
991 1238 1076 1280 suam
1100 1218 1196 1279 eoele-

272 1305 348 1363 siam
373 1324 466 1383 supra
479 1313 596 1384 petram
612 1304 775 1364 aedificare
799 1323 832 1363 se
846 1304 929 1379 dioit,
951 1305 1001 1365 hio
1022 1320 1097 1363 varo
1119 1320 1193 1377 non,

272 1386 326 1445 sed
349 1386 500 1447 duntaxat
521 1387 711 1456 Romanam,
733 1388 794 1448 hoo
817 1397 879 1466 est,
903 1399 1021 1448 ceteras
1044 1380 1192 1465 ecelesias

272 1470 348 1530 nihil
371 1470 483 1549 faeere,
506 1479 538 1532 et
559 1470 712 1540 Christum
734 1490 857 1551 negare.

354 1552 460 1629 Porro,
482 1557 508 1614 si
530 1564 652 1615 aeterne
674 1554 826 1615 eeclesiae
841 1560 912 1613 sunt
934 1560 1055 1613 terrena
1074 1558 1194 1611 senten-

273 1637 315 1697 tia
332 1642 483 1716 statuas,
506 1647 536 1702 et
557 1638 638 1698 hano
660 1638 844 1700 sententiam
860 1638 1020 1699 Romanae
1043 1634 1195 1695 ecelesiae

271 1738 342 1779 esse
366 1718 458 1798 dixit,
491 1740 546 1782 suo
571 1740 625 1782 ore
647 1740 716 1781 sese
739 1721 877 1798 damnat,
903 1739 987 1781 snam
1012 1718 1195 1779 sententiam

270 1820 342 1866 esse
364 1810 528 1879 terrenam,
550 1824 613 1865 non
626 1805 771 1881 divinem,
795 1803 910 1864 dioens.
954 1802 994 1863 Et
1015 1801 1066 1863 ubi
1081 1807 1195 1876 manat,

272 1884 358 1965 qnod
384 1904 494 1949 vocem
517 1887 598 1947 Petri
628 1886 939 1967 tanquamadivinsm
962 1884 995 1945 ‘et
1016 1904 1079 1945 non
1102 1891 1194 1943 terre·
1242 1940 1247 1946 ,

271 1987 344 2028 nam
361 1968 466 2030 andire
479 1970 623 2051 oportet?
644 1970 752 2047 Porro,
776 1970 843 2050 quis
859 1968 1018 2029 constitnit
1031 1965 1193 2031 eaoolssiam

271 2050 597 2133 Hierosolymitanam,
610 2059 776 2132 antequam
792 2052 924 2131 ecelesia
937 2052 1079 2113 Romans
1092 2048 1195 2111 esset?

272 2136 322 2196 An
346 2154 410 2197 non
432 2136 539 2200 Petrus
562 2135 657 2197 verbo
669 2137 727 2199 Dei
744 2136 917 2199 Romanam
941 2136 1102 2197 ecelesiam
1126 2150 1199 2195 oon·

271 2216 390 2281 stituit?
414 2218 527 2281 Verum
551 2220 576 2280 si
591 2219 630 2280 de
645 2218 802 2299 dignitatis
816 2220 1037 2281 constitutione
1051 2218 1198 2297 loquitur,

270 2321 333 2365 non
356 2298 398 2365 de
420 2301 591 2366 substantia
613 2303 773 2379 eeclesiae,

564 2468 667 2529 Tune
688 2488 810 2550 arguo
834 2469 908 2528 sio:

353 2633 498 2696 Romana
516 2635 648 2698 ecelesia
670 2642 718 2703 est
730 2635 835 2698 divino
847 2634 942 2696 verbo
961 2633 1028 2694 aliis
1052 2631 1192 2711 superior

271 2718 460 2779 constituta:
493 2738 569 2800 ergo
592 2737 722 2795 neeesse
744 2720 814 2797 erit,
839 2727 872 2778 ut
893 2717 1004 2778 eodem
1027 2715 1122 2778 verbo
1145 2731 1192 2772 ne-

272 2808 356 2862 teras
380 2800 532 2862 eeclesiae
554 2803 616 2862 sint
637 2803 665 2863 ei
687 2801 848 2862 inferiores
870 2808 1014 2874 statutas,
1037 2799 1193 2880 quianon

271 2889 378 2963 potest
409 2887 500 2947 statui
533 2886 691 2964 superior,
724 2885 783 2944 nisi
816 2885 894 2962 sint,
922 2881 1032 2964 quibus
1055 2879 1195 2960 superior

271 2966 363 3027 statui
378 2969 485 3046 possit.
509 2967 567 3029 Ubi
578 2987 651 3048 ergo
668 2979 723 3043 est,
736 2967 818 3046 quod
831 2987 924 3047 supra
938 2967 1023 3044 dixit,
1036 2965 1196 3025 inferiores

272 3057 445 3110 naturarum
467 3051 666 3111 ecelesiarum
698 3050 821 3111 ordines
851 3071 870 3110 a
891 3051 1033 3111 Romana
1064 3044 1198 3107 eoelesio

271 3133 408 3206 institui,
430 3153 493 3194 non
515 3133 610 3193 verbo
633 3134 754 3210 divino,
787 3152 847 3212 quo
871 3133 937 3194 vult
958 3132 1026 3192 sola
1040 3127 1196 3213 ,constitui

271 3214 361 3297 ipsa?
395 3213 491 3294 Nam,
514 3218 672 3294 quomodo
695 3215 833 3278 Christus
855 3217 956 3297 potuit
979 3215 1071 3274 statui
1094 3210 1198 3272 Domi-

272 3319 341 3376 nus,
364 3298 424 3361 nisi
449 3299 539 3358 simul
561 3309 671 3380 gentes
693 3307 725 3362 et
746 3301 868 3362 termini
891 3306 990 3362 terrae
1014 3295 1199 3358 subiiceren-

273 3389 340 3459 tur,
365 3388 397 3440 et
418 3401 506 3442 mons
528 3383 616 3460 Zion,
638 3385 686 3444 oni
707 3404 762 3443 rex
784 3380 1021 3464 praeficeretur?

356 3462 448 3527 Adde
468 3466 532 3543 his,
565 3465 680 3546 siquis
709 3466 805 3528 dieat:
840 3465 872 3528 Si
893 3467 1035 3528 Romana
1067 3460 1200 3526 eeclesia

273 3547 377 3610 divino
408 3548 503 3609 verbo
532 3548 677 3611 fundatur
715 3569 806 3630 super
828 3569 954 3626 omnes,
978 3549 1102 3628 op'ortst
1125 3563 1198 3624 ergo

274 3640 305 3692 et
325 3651 380 3694 eas
402 3635 501 3693 certas
517 3634 680 3711 nominari,
702 3652 782 3712 quae
799 3632 892 3694 verbo
911 3632 1014 3694 divino
1039 3629 1199 3691 subiiciun-

275 3721 332 3776 tnr.
377 3712 463 3794 Age,
499 3723 566 3778 esto
598 3736 671 3797 ergo
694 3717 774 3776 haee
804 3717 957 3776 sententia
981 3714 1100 3776 divino:
1139 3709 1199 3773 Ro·

275 3817 367 3860 mana
388 3798 522 3859 eeclesia
549 3803 598 3860 est
618 3799 686 3861 aliis
714 3800 872 3878 superior,
908 3798 957 3859 dio
980 3797 1030 3860 ubi
1054 3797 1198 3874 seriptum

276 3882 313 3941 sit
327 3881 392 3942 eius
406 3881 637 3942 correlativum:
660 3882 801 3944 Ecclesia
814 3882 1053 3945 Mediolanensis
1066 3885 1112 3938 est
1122 3875 1192 3958 eal)

311 4074 340 4140 1)
362 4074 393 4125 In
412 4072 454 4126 ed.
473 4074 581 4142 priore:
602 4073 670 4124 eius.
