3075 4775
339 546 403 613 446
629 549 659 600 v.
686 547 791 608 coesto
810 549 842 602 D.
863 549 897 602 st
919 549 995 608 toth.

341 733 522 814 praevidere
543 753 634 814 qaam
659 753 726 794 nos.
771 734 803 796 Si
825 735 918 815 igitar
941 735 1009 795 Dec
1032 733 1211 811 credideris,
1234 739 1266 792 et

342 819 449 877 omnia
471 818 554 877 iliius
574 818 701 878 arbitrio
723 818 921 898 deposueris,
950 825 1035 878 certo
1056 817 1147 896 fient,
1184 835 1265 895 quse

340 902 430 980 petis,
452 901 502 962 vel
525 921 580 980 per
602 901 763 976 miracuta,
787 903 811 960 si
835 901 897 961 alis
918 901 1004 962 nuile
1025 902 1065 961 sit
1084 901 1179 975 ratio,
1203 918 1266 978 qua
1325 967 1332 980 ,

276 1027 280 1032 -
341 983 425 1044 flant

423 1067 455 1128 ld
484 1067 567 1146 quod
592 1067 623 1125 in
655 1067 772 1146 populo
793 1067 962 1127 israelitico
978 1068 1013 1144 ³¹⁸)
1037 1066 1188 1144 videmus,
1213 1068 1265 1145 qui

341 1169 410 1211 cam
432 1151 501 1210 Deo
523 1148 705 1211 credidisset
724 1150 801 1228 iore,
825 1158 859 1210 ut
880 1167 913 1210 se
936 1149 1079 1210 liberaret
1099 1150 1138 1210 ab
1162 1150 1265 1220 hoste,

341 1252 442 1312 noque
470 1241 573 1293 mmen
603 1234 654 1292 via
680 1233 784 1311 eliqua
805 1241 985 1314 appareret,
1024 1251 1086 1314 que
1110 1233 1141 1293 id
1165 1231 1264 1308 tieret,

340 1317 442 1378 subito
465 1335 599 1376 semare
620 1293 884 1396 mimmeperuit,
908 1335 945 1376 ac
968 1318 1059 1395 viam,
1083 1335 1142 1395 qua
1165 1323 1265 1376 trans-

338 1402 437 1476 irent,
470 1399 570 1477 dedit,
598 1399 705 1460 hcstes
726 1410 828 1460 autem
852 1399 890 1459 sd
914 1419 1006 1459 unum
1031 1417 1138 1460 omncs
1161 1398 1266 1460 obruit

341 1503 380 1543 ac
396 1483 551 1542 demersit.
974 1523 980 1528 -

401 1566 475 1626 ,Sic
495 1566 593 1626 ludit-h
617 1573 726 1626 sancta
745 1566 868 1646 mulier,
892 1585 959 1626 cum
983 1568 1171 1646 accepisset,
1204 1565 1265 1624 hoc

342 1650 504 1710 consilium
528 1651 649 1729 cepisse
670 1651 754 1709 cives
776 1650 945 1726 Bathuiiae,
969 1667 1012 1721 se,
1036 1651 1066 1709 ni
1077 1650 1161 1709 Deus
1183 1649 1264 1708 intra

341 1733 475 1811 quinque
496 1732 562 1792 dies
579 1751 671 1812 opem
693 1733 795 1810 ferret,
818 1731 977 1796 dedituros
994 1733 1074 1792 hosti
1096 1733 1264 1810 civitatem,

340 1817 477 1896 graviter
489 1815 687 1896 reprehendit
698 1816 779 1894 illos,
802 1824 834 1876 et
845 1815 932 1876 dicit:
958 1816 1088 1889 Quinem
1103 1831 1160 1876 vos
1180 1816 1270 1892 estis,

342 1900 394 1978 qui
416 1900 541 1960 tentatis
562 1901 605 1960 ita
624 1899 812 1959 Dominum?
835 1899 904 1959 Non
926 1905 973 1958 est
996 1901 1054 1958 iste
1077 1917 1189 1972 sermo,
1215 1900 1266 1977 qui

341 1983 583 2043 misericordiam
607 1991 766 2062 provocet,
790 1982 845 2042 sed
861 1984 964 2062 potius
978 1984 1028 2060 qui
1052 1984 1126 2041 iram
1150 1983 1269 2041 excitet

342 2073 374 2126 et
395 2067 527 2126 furorem
550 2067 709 2128 accendat.
753 2065 903 2126 Posuistis
926 2083 982 2124 voe
996 2071 1116 2144 tempus
1139 2066 1266 2124 misera-

342 2150 435 2209 tionis
457 2149 581 2208 Domini
613 2156 646 2208 et
672 2151 704 2208 in
732 2148 889 2209 arbitrium
921 2157 1055 2208 vestrum
1088 2149 1168 2208 diem
1193 2165 1267 2207 con-

343 2233 483 2292 stituistis
506 2232 557 2291 ei?
579 2233 655 2291 Mira
676 2249 752 2311 ergo
774 2233 895 2292 ratione
916 2231 1059 2292 liberarit
1080 2233 1179 2311 ipssm
1203 2231 1267 2290 Do-

344 2315 453 2388 minus,
477 2321 510 2374 ut
531 2316 632 2395 capite
654 2314 842 2375 Holofernan
867 2321 1030 2390 truncaret,
1050 2315 1269 2397 et-repelleret

342 2399 386 2459 ite
408 2400 575 2459 exercitum
598 2398 637 2459 ab
660 2399 751 2474 urbe,
783 2398 882 2459 iudith
905 2400 932 2462 8.
977 2398 1029 2459 Sic
1050 2399 1089 2460 ed
1110 2396 1267 2478 Ephes.3

268 2524 270 2528 -
342 2500 466 2562 quoque
487 2482 600 2542 Paulus
632 2482 721 2557 dicit,
760 2482 842 2543 huuc
878 2500 947 2543 esse
978 2500 1094 2543 morem
1124 2482 1199 2561 Dei,
1235 2490 1269 2541 ut

342 2569 447 2627 omnia
469 2566 562 2626 iaciat
583 2567 678 2647 ionga
698 2566 760 2625 siis
782 2568 918 2644 ratione,
950 2583 988 2625 ac
1020 2566 1128 2626 metius
1158 2565 1267 2641 multo,

342 2668 434 2729 quam
456 2668 514 2710 nos
536 2650 586 2709 vei
609 2668 702 2710 orere
724 2648 772 2709 vel
795 2649 967 2730 intelligere
991 2651 1153 2729 possimus.

426 2732 477 2793 Sic
497 2735 590 2813 igitur
610 2734 789 2809 sentiamus,
812 2732 906 2814 longe
920 2750 977 2793 nos
1000 2732 1161 2793 inferiores
1186 2748 1268 2809 esse,

343 2836 434 2895 quam
457 2818 508 2895 qui
530 2824 701 2876 statuemus
724 2822 777 2875 aut
799 2814 1042 2895 praescribamus
1070 2817 1100 2875 in
1124 2816 1269 2875 oratione

343 2906 450 2960 nostra
471 2900 539 2959 [icc
574 2898 622 2959 vei
651 2913 789 2978 ternpus,
824 2899 874 2958 vel
904 2898 1021 2979 locum,
1055 2898 1105 2959 vel
1129 2898 1269 2975 modum,

344 2983 394 3043 vei
416 3000 632 3062 quamcunque
654 2982 745 3042 eiiam
769 2983 1043 3059 circumstantiam,
1076 2981 1130 3041 sed
1162 2982 1270 3042 omnia

343 3065 550 3145 relinquemus
578 3066 702 3125 divinae
723 3065 805 3125 iliius
828 3065 995 3143 voluntati,
1032 3074 1063 3125 et
1084 3071 1269 3125 constanter

346 3149 522 3228 credamus,
545 3157 629 3209 certo
650 3148 728 3223 iore,
751 3157 862 3291 sptium
885 3148 1040 3209 exaudiat.

793 3251 849 3293 ure.

511 3398 548 3458 V.
584 3398 733 3458 Ooncio
767 3397 814 3457 de
843 3396 1098 3458 Matrimonia.

428 3540 548 3614 Primo,
577 3556 646 3599 cum
667 3538 751 3599 Deus
775 3544 912 3599 creasset
933 3537 1047 3614 Adam,
1078 3535 1208 3597 adduxit
1230 3538 1271 3598 ud

345 3623 429 3685 illum
453 3623 557 3683 omnic
578 3622 754 3682 animantia.
797 3620 881 3683 Inter
905 3640 1075 3699 quaecum
1098 3639 1161 3681 nou
1185 3621 1271 3681 inve-

346 3710 460 3767 uiretur
482 3705 647 3784 quodpiam
670 3702 714 3763 illi
736 3704 915 3783 conforme,
945 3704 1044 3783 inquit
1066 3703 1165 3765 Deus:
1198 3702 1271 3765 Nou

345 3798 393 3851 est
414 3789 545 3862 bouum,
577 3786 660 3865 quod
683 3786 782 3847 Adam
806 3786 890 3847 solus
913 3788 972 3865 sit,
1000 3788 1111 3847 faciem
1134 3785 1272 3847 eiadiu·

346 3874 462 3945 tricem,
486 3890 565 3952 quse
586 3877 692 3949 parata
714 3870 755 3929 sit
776 3868 815 3931 ad
838 3889 972 3939 manum.
1008 3869 1050 3929 Et
1073 3870 1199 3929 immisit
1221 3889 1271 3931 so-
