3075 4775
326 553 370 619 so
481 545 494 614 ζ
534 551 687 627 orspunuo
707 563 735 612 a
753 559 904 612 mensas
924 559 1056 612 ustum¹

329 746 381 826 qrii
402 745 478 806 nibil
511 747 649 808 continet
681 747 739 806 nisi
775 746 1168 827 epistolamLuthori
1201 746 1248 808 ad

328 827 485 890 Eceiurn
524 829 648 891 datam
683 829 905 891 et··Lutheri
939 830 1073 891 theses
1107 835 1251 891 contra

328 929 452 973 novos
477 918 514 973 et
535 920 688 974 veteres
712 932 879 974 errores.
911 913 945 973 In
969 912 1137 994 exemplari
1158 912 1249 973 huius

328 994 405 1073 libri,
426 995 510 1074 quod
533 995 622 1057 uobis
646 1015 685 1057 ex
701 994 888 1056 bibliotheca
905 995 1105 1057 Scheurliaua
1120 1001 1248 1076 praesto

329 1084 414 1155 orat‘
426 1079 504 1139 tituli
518 1080 650 1160 paginae
664 1080 745 1161 typis
763 1097 822 1139 neu
833 1080 925 1160 nigro
940 1099 998 1139 uec
1011 1079 1073 1140 alio
1088 1079 1249 1160 pigmento
1261 1131 1263 1135 .

329 1161 431 1222 tinctis
452 1161 530 1222 baec
552 1171 623 1223 sunt
649 1163 799 1242 impressa
826 1160 995 1223 vocabula:
1037 1162 1248 1223 Illustrissimo

330 1245 460 1324 principi
495 1251 525 1306 et
557 1244 728 1306 Moschioni
756 1244 815 1307 No.
847 1245 882 1304 D.
911 1243 1069 1308 Friderico
1094 1244 1144 1307 lll.
1167 1243 1250 1307 Duci

213 1336 219 1352 ¹
328 1325 484 1388 Saxonioe
517 1327 547 1390 S.
578 1328 666 1389 Rom.
711 1327 787 1407 Imp.
819 1327 1084 1389 Archimarscalco
1114 1328 1249 1409 Principi

328 1409 464 1471 Electori
487 1417 519 1470 et
539 1411 569 1470 iu
591 1409 769 1492 regionibus
793 1409 938 1471 Saxonici
958 1412 1040 1492 regis
1059 1410 1195 1485 Vicario,
1218 1417 1252 1471 et

327 1493 358 1552 in
390 1493 497 1553 ultima
531 1495 646 1573 pagina
682 1494 747 1573 pari
781 1494 902 1554 ratione
929 1495 1080 1575 impressa
1106 1493 1252 1575 leguntur

328 1575 420 1636 haec:
463 1576 598 1637 Domino
620 1594 677 1637 suo
700 1575 896 1638 Clementiss.

409 1657 480 1718 Alia
500 1659 589 1727 huius
619 1657 715 1720 libelli
733 1657 828 1720 editio
841 1658 999 1741 originalis
1016 1660 1047 1719 in
1061 1659 1162 1720 luceru
1178 1678 1249 1740 pro·

208 1773 217 1786 ·
329 1740 385 1801 diit
404 1741 526 1821 Lipsiae
548 1741 604 1803 sub
626 1742 687 1802 hoo
708 1742 819 1803 titulo:

410 1823 595 1904 Disputatio
618 1831 649 1885 et
681 1824 839 1886 excusatio
862 1825 976 1886 Fratris
996 1825 1156 1886 Martini
1178 1825 1250 1885 Lu·

328 1907 413 1968 ther
436 1907 582 1969 adversus
605 1905 842 1969 Criminationes
864 1909 900 1969 D.
922 1908 1074 1969 Johanuis
1095 1908 1181 1968 Eccii
1205 1911 1250 1986 (s.
1284 1937 1292 1957 ν

326 1990 347 2133 {3⁸
379 1991 501 2072 lusigna
536 1991 659 2052 Valent.
699 1989 873 2052 Schamaun
911 1992 931 2052 i.
963 2009 990 2055 e.
1018 1988 1170 2074 Lipsiae).
1214 1992 1248 2052 ln

348 2093 403 2134 ue:
428 2077 517 2138 1519.
540 2075 570 2136 l.
836 2092 840 2100 ·

410 2157 526 2218 Pannbr
546 2157 627 2218 Anu.
649 2163 713 2238 typ.
735 2156 803 2234 Vll,
826 2158 896 2222 209.
917 2177 947 2218 v.
970 2156 1000 2218 d.
1020 2156 1120 2218 Hardt
1132 2155 1188 2236 111„
1197 2159 1250 2221 22.

411 2239 518 2304 Latine
540 2241 651 2322 legitur
672 2240 722 2300 bio
744 2239 867 2300 libellus
899 2241 929 2300 in
957 2239 1028 2303 eoll.
1058 2239 1138 2321 opp.
1160 2240 1250 2301 Lutlr.

327 2321 454 2385 lenensi
469 2323 491 2401 Ι,
514 2343 545 2405 p.
568 2325 635 2406 239,
650 2341 727 2404 sqq,
745 2322 895 2384 Wittenb.
917 2323 931 2383 I
952 2341 981 2405 p.
995 2325 1056 2390 240
1078 2342 1145 2404 sqq.
1166 2319 1252 2387 Loa-

327 2407 418 2467 sober
446 2408 581 2469 Reform.
610 2408 677 2470 Act.
708 2407 848 2484 lll,·563
869 2426 936 2487 sqq.
962 2405 1051 2490 (212.
1073 2407 1165 2485 814),
1200 2409 1250 2485 (in

328 2488 451 2553 collect.
473 2490 635 2551 Basiliensi
654 2489 817 2551 Lucubrat.
843 2490 931 2550 Luth.
955 2492 1036 2558 1520
1064 2499 1122 2561 (m.
1145 2488 1249 2573 lulio)

328 2573 541 2635 tantummodo
575 2574 806 2634 Positiones
832 2572 998 2634 lutheri·
1019 2580 1154 2635 eontra
1184 2593 1251 2635 no-

260 2654 267 2663 ’
328 2673 398 2717 vos
420 2663 638 2718 stratores
660 2674 814 2718 errores
835 2656 974 2718 redditas
1001 2659 1102 2736 sunt),
1124 2656 1251 2718 Geraia·

329 2739 399 2801 aios
421 2759 471 2821 ap.
493 2740 614 2803 Walcb.
637 2740 704 2819 XV,
727 2740 788 2805 974
810 2758 877 2820 sqq.
898 2773 936 2785 —-

705 2992 870 3003 -ι-ο-ι--α

495 3166 746 3291 Disputatio
777 3172 822 3265 st
846 3112 1083 3320 incusatio

329 3355 362 3425 Ε.
385 3353 517 3419 Martini
544 3358 671 3427 ,Luthsri
705 3359 854 3421 adversus
887 3314 1115 3426 criminationes
1142 3354 1179 3418 u.
1199 3356 1252 3420 Jo-

597 3510 608 3529 -.
674 3440 786 3504 hannis
806 3440 900 3505 Eooii.

430 3592 487 3663 -D,
509 3591 657 3657 Martinus
678 3590 791 3653 Luther
812 3593 929 3673 optimo
951 3591 1072 3653 lectori
1093 3588 1125 3651 S.

392 3745 502 3807 Eccius
524 3764 610 3806 meus
632 3746 782 3822 irascitur,
804 3746 845 3805 mi
861 3745 975 3821 lector,
996 3741 1252 3822 consecravitque

330 3828 397 3891 sadi
418 3828 610 3909 apostolicae
632 3829 723 3889 aliam
747 3828 962 3908 disputationis
989 3824 1152 3904 schedam
1184 3825 1251 3906 ple·
1372 3898 1383 3913 .

330 3928 403 3975 uam
432 3913 495 3973 irae
531 3928 606 3972 suae
636 3918 668 3971 et
696 3911 918 3971 criminationis
956 3910 1033 3984 mei,
1076 3906 1251 3987 adiecitque

350 3994 479 4058 rioribus
501 3994 763 4077 propositionibus
787 4009 889 4072 uuam,
911 3993 1032 4053 fortiter
1051 3992 1265 4071 irascentem,‘

328 4016 389 4143 Eoo
407 4087 473 4160 cst,
501 4080 559 4141 nisi
580 4078 720 4145 timerem
741 4077 942 4158 disputationi
970 4075 1091 4137 futurae
1117 4072 1245 4155 impolli-
