3075 4775
361 542 424 613 186
573 551 730 619 Disputatio
745 552 855 620 Lipsiae
874 550 970 607 liubila
989 570 1013 607 a.
1033 552 1093 607 xtx
1160 561 1173 586 ⁸

359 738 467 819 gratia,
490 737 560 817 quia
580 736 760 797 naturaliter
778 736 845 798 edit
864 737 1007 799 voluntas
1026 738 1136 819 legem,
1159 744 1194 800 ut
1211 746 1289 801 sunt

361 840 509 900 expressa
535 820 712 881 testimonia
741 820 828 881 Pauli
860 821 899 881 ad
925 822 1015 883 Ram.
1047 829 1078 882 et
1110 822 1148 882 ad
1177 822 1286 887 Galat.

360 906 449 965 Rom.
472 910 508 969 5:
546 905 610 963 Lex
631 905 766 980 intravit,
790 910 823 963 ut
844 904 1013 965 abundaret
1035 905 1197 984 delictum,
1220 906 1286 969 Ga-

356 988 412 1049 lat.
435 993 469 1052 5:
492 988 553 1047 Lex
576 995 702 1067 propter
723 989 984 1067 transgressiones
1007 982 1288 1068 posita'est..ldeo

361 1072 395 1134 B.
420 1072 607 1152 Augustinus
631 1070 669 1132 de
691 1072 762 1150 spir.
779 1078 809 1131 et
831 1071 874 1133 lit.
891 1091 924 1133 a.
948 1074 988 1135 3:
1011 1072 1118 1150 Neque
1141 1074 1226 1132 enim
1250 1074 1288 1133 li·

360 1154 466 1216 berum
489 1155 645 1216 arbitrium
668 1160 739 1214 ante
762 1155 892 1233 gratiam
917 1155 1082 1235 quidquam
1105 1156 1201 1235 valet,
1225 1158 1288 1216 nisi

360 1238 399 1298 ad
420 1238 632 1317 peccandum,
654 1256 716 1297 non
738 1244 842 1297 autem
865 1237 905 1297 ad
921 1237 1165 1317 poenitendum,
1188 1247 1224 1300 ut
1246 1241 1288 1300 D.

359 1322 396 1382 D.
419 1321 493 1382 dicit
527 1322 606 1397 (hoc
635 1322 716 1381 enim
738 1319 938 1400 Pelagianum
962 1320 1032 1404 est).
1075 1322 1171 1382 Porro
1209 1323 1291 1383 dicit

359 1405 548 1485 Augustinus
572 1405 625 1470 ll:
668 1404 797 1463 Etcum
821 1406 958 1484 eoeperit
979 1406 1127 1485 cognosci
1160 1424 1196 1465 se
1218 1426 1288 1467 non

359 1489 474 1569 latere,
506 1487 589 1567 quod
609 1486 783 1547 faciendum
807 1496 873 1565 est,
909 1489 968 1547 nisi
990 1488 1122 1569 Spiritus
1155 1496 1289 1550 sanctus

359 1572 513 1632 diffuderit
533 1572 690 1633 caritatem
714 1571 745 1630 in
768 1569 911 1631 cordibus
933 1573 1067 1645 nostris,
1099 1590 1160 1631 non
1184 1572 1289 1654 diligi·

358 1661 416 1728 tur,
438 1674 501 1715 non
524 1655 695 1733 suscipitur,
715 1672 780 1713 non
803 1653 882 1714 bene
905 1656 1023 1715 vivitur.
1047 1654 1089 1731 lbi
1112 1655 1289 1717 clarissime

277 1762 280 1765 ⁴
359 1738 434 1798 dicit
455 1739 664 1821 Augustinus,
700 1736 783 1816 quod
805 1736 856 1796 lex
885 1738 942 1797 Dei
974 1756 1037 1798 non
1060 1745 1164 1817 potest
1185 1738 1288 1819 diligi,

358 1822 418 1881 uisi
439 1829 568 1900 accepta
589 1821 688 1902 gratia
710 1819 840 1899 Spiritus
869 1822 978 1881 sancti.
1022 1820 1053 1883 Si
1086 1828 1189 1881 autem
1218 1842 1288 1882 non

340 1904 493 1984 'diligitur
513 1905 574 1981 lex,
597 1903 782 1965 contrarium
806 1904 871 1963 eius
894 1910 1055 1983 peccatum
1084 1922 1147 1964 non
1170 1904 1288 1965 oditur.

358 1986 442 2067 Ergo
463 1986 656 2067 impossibile
678 1993 726 2046 est
748 1988 910 2066 poenitere
924 1992 997 2047 aute
1019 1987 1217 2047 dilectionem
1243 1990 1288 2049 le-

323 2105 327 2129 ι
357 2072 415 2151 gis.
459 2071 596 2130 Hocest
619 2068 700 2148 quod
724 2069 885 2131 Romal.
908 2070 1077 2150 Apostolus
1099 2070 1184 2130 vult:
1218 2071 1288 2133 Lex

356 2155 432 2213 iram
447 2161 599 2233 operatur,
621 2153 750 2229 honest,
774 2158 925 2213 monstrat
946 2160 1118 2233 peceatum,
1141 2152 1195 2213 sed
1217 2174 1288 2215 non

357 2235 411 2296 dat
444 2237 596 2317 gratiam,
629 2242 662 2296 ut
701 2234 823 2296 odiatur
853 2244 1025 2315 peecatum.
1068 2235 1143 2297 Ideo
1177 2246 1289 2299 manet

358 2318 465 2379 odium
486 2320 564 2400 legis
586 2325 618 2379 et
646 2318 772 2379 dileetio
794 2320 914 2400 peccati
927 2366 945 2400 ,.
971 2318 1196 2400 quantumlibet
1228 2340 1290 2402 per

356 2405 587 2483 increpationes
597 2405 769 2464 forinsecas
778 2409 835 2463 aut
855 2405 1039 2464 intrinsecas
1061 2404 1156 2464 homo
1170 2423 1288 2466 concu-

356 2489 449 2547 tiatur
470 2488 583 2547 timore
604 2486 718 2546 servili.
759 2485 838 2546 Nam
877 2488 935 2546 etsi
967 2486 1162 2549 abstinet·ab
1185 2507 1286 2566 opere

355 2570 485 2650 peccati,
507 2589 569 2629 non
592 2576 696 2640 temen
718 2569 874 2630 abstinere
895 2576 999 2650 potest
1020 2569 1058 2632 ab
1081 2587 1187 2630 amore
1208 2590 1287 2651 pec-

356 2655 425 2714 eati.
468 2652 536 2713 lloe
565 2660 596 2713 et
616 2653 754 2713 Christus
777 2652 888 2713 Johan.
911 2655 939 2716 6.
969 2653 1080 2731 docet,
1113 2653 1165 2714 ubi
1187 2653 1285 2715 dicit:

355 2736 455 2798 Nemo
477 2737 562 2796 venit
582 2735 622 2795 ad
643 2755 711 2810 me,
748 2736 807 2796 nisi
829 2734 920 2795 Pater
942 2755 1027 2796 meus
1050 2737 1178 2797 traxerit
1200 2757 1284 2799 eum.

357 2819 503 2882 Concedo
521 2837 605 2900 ergo,
630 2818 712 2898 quod
734 2817 796 2894 lex,
818 2818 992 2880 recordatio
1005 2827 1214 2899 peecatorum,
1237 2823 1285 2882 in-

357 2904 452 2963 tuitus
482 2920 650 2982 poenarum
681 2909 813 2981 possunt
848 2909 961 2962 terame
984 2909 1195 2984 peccatorem,
1222 2903 1282 2965 sed

356 3005 513 3065 nunquam
533 2986 657 3062 iaciunt„
670 2986 892 3065 poenitentem.

438 3069 626 3148 Respondes
641 3087 728 3148 ¹ergo
759 3067 798 3128 ad
821 3067 1028 3130 abiectionem
1051 3069 1201 3148 primam,
1243 3071 1283 3131 de

355 3151 570 3232 iilioprodigo
593 3152 664 3211 Luc.
688 3155 746 3230 15,
783 3151 833 3211 ubi
868 3151 983 3229 incepit
1014 3154 1238 3230 poenitentiam
1263 3175 1282 3214 a

355 3234 570 3296 recordatione
607 3234 827 3314 magnitudinis
865 3235 992 3314 praemii
1021 3233 1144 3295 dicens:
1175 3236 1282 3297 Abun-

356 3318 430 3378 daut
450 3319 580 3398 panibus
603 3319 782 3378 mercenarii
805 3319 866 3378 ete·
884 3318 983 3394 Dico,
1016 3318 1098 3396 quod
1126 3319 1281 3380 hic-iilius

356 3400 502 3482 prodigus
523 3403 639 3482 incepit
659 3420 733 3461 vere
754 3400 793 3462 ab
816 3417 922 3462 amore
944 3400 1087 3480 iustitiae,
1110 3403 1183 3481 quia
1206 3422 1280 3464 enn-
1329 3425 1332 3436 ¹

356 3504 461 3544 versus
482 3486 514 3544 in
537 3505 571 3546 se
593 3485 742 3564 cognovit
761 3485 861 3563 primo
884 3483 1009 3565 bqnum,
1035 3492 1127 3545 etex
1150 3489 1280 3566 cognito

355 3567 438 3628 bono
460 3569 612 3629 intellexit
633 3587 720 3628 suum
733 3567 857 3628 malum.
875 3567 963 3627 Hauc
979 3575 1080 3628 autem
1102 3573 1279 3632 conversio-

356 3671 426 3711 nem
449 3653 496 3711 sui
518 3653 550 3710 in
571 3671 606 3711 se
626 3653 726 3732 ipsum
749 3669 811 3709 non
834 3649 941 3711 habuit
964 3670 1003 3710 ex
1024 3651 1190 3732 fragilitate
1213 3673 1278 3729 sua,

356 3738 410 3795 aut
441 3736 612 3795 extimare
642 3753 783 3813 poenae,
818 3735 896 3793 sicut
917 3735 1049 3814 ipsemet
1070 3735 1115 3796 D.·
1132 3736 1171 3797 D.
1196 3736 1278 3813 dicit,

357 3817 439 3898 quod
462 3819 555 3878 timor
576 3835 698 3897 paenae
714 3824 788 3896 post
809 3818 1014 3897 praemiorum
1035 3818 1279 3899 magnitudinem

393 4088 422 4153 l)
444 4090 474 4144 In
494 4088 538 4144 ed.
558 4090 675 4159 origia:
695 4089 824 4158 Sequitur
842 4087 980 4160 August:
1000 4091 1114 4148 Etcum
1135 4099 1188 4153 etc.
