3075 4775
486 541 628 611 pmmn
644 545 756 598 mma
775 543 811 597 m
829 550 958 599 noram.
1013 607 1033 617 ,
1134 541 1198 609 471

276 725 374 788 ems.
394 729 452 793 49:
485 728 534 788 En
556 749 617 810 ego
638 732 773 807 morior,
795 739 826 792 et
847 751 1022 814 congregor
1041 732 1082 793 ed
1102 751 1200 813 popu-

278 811 340 870 lum
362 831 475 873 meum.
511 813 712 892 Mortuusque
731 823 781 876 est
802 823 833 876 et
854 822 1060 896 congregatus
1083 815 1122 876 ad
1145 835 1199 896 po·

278 894 383 974 pulum
404 915 506 957 suum.
549 897 601 958 Sic
627 899 710 958 Deus
739 900 819 959 idosi
852 907 884 960 et
904 900 1022 960 Aaroni
1043 901 1199 978 promisit:

278 977 435 1039 Transibis
462 978 503 1040 ad
523 981 672 1060 populum
694 989 779 1042 tirum
802 989 834 1042 et
853 989 956 1063 patres
979 990 1058 1044 tuos.
1102 982 1200 1063 Signi·

278 1061 591 1141 saturauimus,
614 1073 744 1125 mortem
767 1085 838 1125 esse
862 1067 1020 1126 transitum
1035 1064 1199 1144 quendam,

278 1144 317 1204 ad
341 1146 436 1226 longe
456 1149 700 1210 numerosiorem
723 1150 887 1229 populum,
921 1151 972 1229 qui
993 1168 1052 1209 nos
1074 1167 1199 1228 exspec

277 1234 333 1308 tat,
355 1233 494 1308 quomis
516 1238 573 1308 est,
595 1251 615 1291 s
636 1251 697 1312 quo
722 1234 859 1294 morituri
882 1232 1077 1294 discedimus.

360 1346 437 1406 Sunt
457 1347 537 1408 haec
559 1351 686 1410 omuino
710 1369 832 1430 magna,
859 1368 939 1430 quae
961 1351 1126 1430 concipere
1146 1349 1201 1409 hu·

279 1449 387 1489 manus
410 1432 526 1493 animus
555 1451 618 1493 non
647 1439 761 1512 potest.
804 1433 855 1493 Sic
875 1435 968 1514 igitur
992 1435 1122 1512 quisque
1144 1433 1202 1493 sibi

278 1513 480 1592 persuadeat,
514 1535 584 1576 esse
612 1516 691 1576 haec
718 1517 777 1576 Dei
800 1535 910 1596 opera,
945 1535 1024 1596 quae
1049 1515 1203 1576 excedunt

278 1603 401 1656 nostres
423 1599 628 1678 cogitationes
658 1607 688 1658 et
716 1600 868 1659 rationem
896 1607 1044 1660 nostram.
1088 1599 1202 1679 Opero-

279 1685 327 1738 tur
347 1681 543 1741 tamenDeus
568 1683 671 1742 omnia
691 1681 745 1741 ilia
766 1683 797 1742 in
820 1702 917 1763 parvo
939 1683 1001 1743 hoc
1019 1682 1201 1742 sacramenti

278 1763 378 1904 gipso,
400 1771 434 1825 ut
456 1763 625 1842 discamus,
660 1771 775 1844 quantu
795 1785 844 1825 res
867 1767 906 1825 sit
943 1786 1017 1827 vere
1049 1767 1081 1825 iu
1102 1763 1202 1827 Deum

323 1865 365 1906 es.

362 1929 453 1992 Nono
477 1930 611 2006 decima,
626 1971 629 1978 ·
644 1950 737 2011 porro
766 1949 831 1991 non
858 1929 929 1990 ideo
952 1929 1029 1990 haec
1050 1931 1128 1991 ratio
1151 1949 1203 2011 pa

279 2011 367 2073 rendi
389 2015 484 2073 animi
505 2013 544 2074 ad
568 2021 696 2076 mortem
720 2034 740 2075 a
758 2033 810 2073 me
833 2019 880 2073 est
901 2014 1030 2091 tradite,
1051 2019 1085 2073 ut
1107 2018 1203 2074 tente-

280 2115 347 2155 mus
371 2117 438 2157 eam
461 2099 573 2158 nostris
595 2117 704 2179 parare
726 2096 855 2174 viribus,
879 2096 934 2156 sed
956 2097 1135 2177 suppliciter
1156 2115 1203 2157 ro-

279 2179 400 2261 gandus
416 2180 501 2241 Deus
524 2187 585 2258 est,
609 2188 642 2241 ut
662 2181 730 2262 ipse
750 2181 783 2241 in
804 2179 894 2241 nobis
916 2180 1009 2242 talem
1032 2182 1204 2241 sacremen-

280 2272 379 2324 torum
403 2267 612 2343 cognitionem
642 2272 674 2325 et
696 2265 788 2324 talem
811 2265 842 2323 in
866 2271 1059 2324 sacramenta
1082 2279 1205 2343 quoque

279 2346 372 2407 fidem
394 2348 507 2409 formet
542 2355 573 2409 et
595 2357 768 2409 conservet.
812 2345 891 2407 Nam
919 2349 963 2409 sio
985 2345 1053 2426 fiet,
1087 2353 1121 2408 ut
1143 2366 1205 2408 ore-

281 2438 348 2491 scet
374 2433 405 2490 in
429 2432 518 2491 nobis
545 2434 637 2492 timor
664 2432 721 2491 Dei
752 2436 783 2491 et
803 2434 978 2491 reverentie
1000 2450 1073 2513 erga
1095 2428 1205 2508 Deum,

281 2534 321 2574 ne
344 2513 416 2593 quid
439 2516 553 2575 nostris
578 2515 739 2594 operibus,
775 2513 829 2571 sed
864 2516 969 2573 omnia
998 2514 1065 2574 Deo
1096 2514 1208 2573 tribua·

281 2616 360 2658 mus.
404 2596 454 2659 Sic
476 2607 579 2658 autem
604 2604 649 2657 est
673 2595 839 2668 orandum,
872 2596 1007 2675 nequid
1031 2596 1208 2656 dubitemus

282 2682 359 2760 iore,
381 2688 413 2741 ut
434 2699 493 2742 nos
515 2681 660 2742 exaudiat
679 2680 773 2741 Deus.
808 2678 922 2738 Verum
946 2687 1016 2739 sunt
1038 2678 1116 2739 duee
1140 2698 1208 2738 cau-

284 2784 356 2843 sae,
391 2770 518 2847 propter
550 2784 626 2844 quas
648 2763 723 2833 nihil
745 2761 883 2822 dubitare
907 2762 946 2821 de
969 2762 1112 2823 oratione
1135 2781 1207 2822 oon-

284 2849 379 2909 venit

368 2946 476 3007 Altera
510 2947 588 3007 haee
622 2954 682 3021 est,
720 2946 782 3006 iam
815 2952 885 3005 aute
918 2943 980 3004 dixi
1013 2946 1210 3023 praecepisse

286 3031 384 3091 Deum
418 3029 537 3111 angelis
568 3032 647 3105 suis,
686 3038 718 3089 ut
745 3028 815 3089 illos
846 3028 1008 3090 redement
1038 3033 1069 3087 et
1097 3029 1211 3105 iuvent,

287 3115 338 3193 qui
372 3113 510 3174 credunt.
553 3112 628 3173 Eius
663 3112 798 3172 mandati
833 3118 863 3171 et
893 3112 1106 3191 promissionis
1131 3130 1211 3170 oom-

287 3196 538 3258 monefaciendus
563 3201 610 3257 est
631 3198 731 3275 Deus,
768 3213 829 3255 non
855 3194 937 3273 quod
962 3201 1014 3254 aut
1035 3195 1212 3273 promissio-

287 3282 334 3341 nis
357 3299 430 3340 suoe
454 3281 492 3341 sit
515 3280 647 3358 oblitus,
685 3287 738 3339 aut
759 3287 918 3357 praestare
941 3296 1009 3337 eam
1032 3277 1124 3355 nolit,
1159 3276 1213 3337 sed

288 3371 322 3424 ut
343 3362 456 3425 fiducia
490 3364 520 3421 in
550 3364 649 3443 ipsum
672 3364 717 3423 sic
738 3363 837 3422 alatur
860 3369 892 3421 et
912 3360 1127 3437 confirmetur,
1163 3380 1213 3420 ne-

290 3466 349 3527 que
371 3466 429 3509 nos
452 3448 541 3506 morti
564 3466 724 3509 occurrere
747 3451 929 3505 metuamus.

373 3564 481 3625 Altera
509 3573 612 3625 eutem
646 3573 708 3638 est,
737 3560 821 3641 quod
853 3561 937 3621 illam
969 3560 1062 3621 fidem
1092 3580 1215 3641 quoque

291 3648 429 3708 Christus
452 3651 661 3729 praeceperit,
694 3653 727 3706 ut
758 3646 872 3705 oraturi
901 3644 1079 3716 credamus,
1116 3646 1215 3704 Deum

291 3732 372 3793 veile
399 3730 565 3807 exaudire,
597 3752 639 3792 ne
673 3728 746 3808 quid
776 3727 947 3789 dubitemus
980 3748 1037 3789 nos
1060 3728 1099 3788 de
1128 3745 1216 3801 voce,

293 3815 403 3875 Amen.
452 3814 526 3873 Eius
562 3815 699 3876 mundati
731 3830 858 3890 quoque
891 3809 1215 3873 commonefaciendus

293 3907 343 3959 est
365 3898 463 3973 Deus,
486 3904 518 3956 et
539 3897 717 3959 dicendum:
749 3895 797 3954 Tu
819 3894 903 3954 Deus
925 3913 1011 3955 meus
1032 3893 1216 3973 praecepisti

295 3982 478 4058 orationem,
500 3982 687 4061 praecepisti
708 3979 769 4038 hoe
792 3996 931 4056 quoque,
967 3985 999 4037 ut
1020 3974 1217 4035 crederemus

294 4064 373 4144 iore,
394 4070 587 4126 utnostram
610 4065 783 4126 cretionem
796 4060 955 4139 mandas,
974 4060 1038 4121 hoc
1057 4064 1111 4119 tuo
1134 4077 1218 4118 men-
