3075 4775
364 524 427 617 286
500 586 503 605 ι
611 550 703 609 Betui.
723 551 750 603 t.
769 566 854 619 super
872 552 1057 618 troparium

365 712 454 799 eures
497 734 538 797 Se
559 752 629 795 esse
651 741 839 798 summotum
866 736 957 797 buius
982 738 1035 799 ret
1059 736 1149 797 buius
1169 736 1285 797 sutori-

365 824 438 897 tate,
460 817 506 879 sio
526 820 606 879 euim
630 816 695 877 libr.
721 819 897 881 tRetraot:
919 821 1030 885 Postea
1052 819 1283 899 oumiogisssrn
1376 879 1377 882 ,

365 901 532 963 nonnullos
546 902 717 961 divinorum
734 902 928 980 eloquiorum
938 913 1129 974 tractatores,
1151 921 1282 981 quorum

366 1004 414 1047 me
436 992 576 1045 moveret
595 985 744 1045 autoritas
766 993 825 1047 eto
868 987 989 1047 Deinde
1009 1006 1064 1067 per
1083 988 1282 1045 autoritatem

364 1085 427 1129 nou
451 1068 568 1147 intellig
571 1069 594 1126 it
615 1074 815 1145 potestatem,
837 1077 871 1129 ut
887 1070 982 1149 vulgo
1003 1057 1193 1148 intelligitur,
1215 1068 1281 1145 sed,

364 1158 397 1211 ut
417 1150 606 1229 lutidissimi,
639 1151 798 1227 quomodo
818 1152 949 1230 Plinius,
971 1155 1043 1213 vino
1065 1152 1117 1211 vel
1137 1170 1280 1231 gemmae

363 1233 445 1295 solet
466 1252 540 1311 prae
561 1234 670 1295 ueteris
692 1235 888 1295 autoritutom
910 1236 1053 1313 tribuere,
1075 1254 1144 1295 oum
1165 1235 1279 1293 nultius

363 1318 475 1379 sintin
497 1317 572 1377 atius
595 1318 773 1394 potestatis,
794 1320 882 1395 quasi
904 1318 1000 1396 dieas,
1023 1320 1191 1397 pretiosam
1214 1317 1278 1396 opi-

363 1401 491 1461 nionem
515 1407 546 1459 et
568 1398 729 1459 valorem1
736 1412 758 1473 ).

445 1481 604 1555 Seouudo,
628 1482 789 1545 eeclesiam
813 1483 873 1543 hoo
894 1483 965 1543 iooo
988 1502 1046 1543 neo
1066 1483 1199 1562 Papam,
1221 1501 1278 1541 ooo

361 1565 491 1627 Romam
513 1564 634 1643 aeoipit,
656 1565 711 1625 sed
734 1574 900 1644 pertotum
920 1567 1026 1627 urbem
1046 1565 1191 1625 diffusam
1213 1565 1276 1624 uni·

363 1648 512 1709 versaleru
535 1648 713 1722 eeclesiam,
745 1658 780 1707 ut
801 1668 874 1709 mox
905 1648 1018 1710 ibidem
1041 1658 1166 1709 secutus
1188 1648 1276 1707 dioit:

362 1730 535 1809 Evangelio
557 1732 638 1793 enim
661 1729 820 1793 catholicis
846 1732 1093 1812 praedioantibus
1115 1730 1242 1791 eredidit

445 1813 502 1873 Est
529 1830 603 1893 ergo
629 1823 858 1893 argumentum,
890 1833 1004 1894 seopus
1040 1822 1073 1875 et
1103 1834 1224 1876 summa
1243 1814 1277 1874 B.

362 1897 527 1977 Augustini
548 1916 588 1957 eo
608 1896 680 1957 looo
698 1898 865 1959 eiusmodi:
885 1898 981 1961 Vobis
1000 1899 1193 1958 Manichaeis
1213 1916 1276 1957 non

362 1981 465 2043 oredo.
509 1978 640 2053 Quarei.
663 1981 733 2057 quie
763 1982 797 2041 in
829 1982 993 2061 evangetio
1020 1981 1095 2041 nihil
1121 1980 1161 2041 de
1190 1982 1277 2040 vobio

361 2061 444 2142 lego,
466 2081 534 2125 oum
557 2070 662 2123 autem
683 2062 828 2123 catholici
854 2083 911 2124 vos
933 2084 990 2144 per
1011 2072 1108 2125 totum
1129 2062 1276 2123 muudum

363 2146 569 2223 detestentur,
603 2146 796 2225 evangelium
818 2156 922 2207 autem
942 2146 1170 2209 commendent,
1193 2148 1283 2225 mibi,

362 2237 393 2289 et
421 2234 598 2289 constanter
630 2230 741 2307 ubique
764 2229 956 2309 praedicent,
987 2232 1151 2311 evangetio
1173 2239 1275 2290 autem

361 2330 423 2370 non
445 2311 659 2389 credidissem,
693 2314 752 2371 nisi
780 2320 862 2373 totus
890 2312 974 2375 orbis
993 2322 1056 2373 tum
1079 2313 1276 2374 oooeouditer
1343 2340 1345 2344 ¹

352 2395 476 2460 -dueens
502 2396 560 2456 hae
590 2398 755 2478 autoritate
779 2417 834 2458 sua
854 2415 907 2458 rue
928 2405 1068 2459 moveret
1087 2397 1127 2458 ed
1150 2397 1274 2457 ereden-

359 2477 442 2554 dum,
465 2479 555 2542 simul
576 2478 683 2542 eadem
706 2481 871 2542 autoritate
891 2483 1021 2542 moveor
1039 2481 1080 2541 ad
1102 2480 1191 2540 robis
1211 2499 1274 2540 non

359 2561 562 2638 medendum,
596 2564 668 2640 quia
683 2564 758 2622 nihil
780 2562 822 2626 de
842 2563 932 2624 vobis
953 2564 1025 2644 tego
1048 2566 1079 2623 in
1101 2564 1275 2644 evangelio,

360 2646 410 2706 eui
429 2653 530 2708 motus
553 2647 716 2708 autoritate
734 2649 829 2708 totius
851 2646 933 2708 orbis
955 2646 1058 2707 credor
1100 2647 1149 2707 mx
1165 2646 1274 2725 quibus

359 2728 474 2792 olerum
498 2735 561 2807 est,
594 2730 798 2809 Augustinum
824 2729 887 2790 hoa
905 2730 1006 2807 rolla,
1042 2747 1135 2809 posse
1157 2730 1277 2790 aoiiioet

358 2810 482 2892 probari
504 2817 590 2872 tanto
625 2813 760 2874 omnium
785 2831 939 2877 consensu
959 2813 1153 2893 evangelium
1175 2819 1209 2872 et
1228 2830 1275 2872 eo

359 2896 501 2975 blesiam,
534 2902 565 2956 et
596 2895 763 2975 improbari
787 2895 933 2956 haereses
964 2897 1135 2956 eontrarias
1171 2904 1275 2957 tantae

358 2978 552 3056 multitudini,
575 2980 753 3056 praesertim
775 2977 923 3057 ubibi2),
944 2982 1013 3046 euin
1036 2980 1144 3060 quibua
1165 2981 1274 3059 egitir,
1376 3048 1377 3065 ,

361 3061 456 3124 libros
477 3069 650 3141 aooeptant,
672 3080 711 3123 ex
733 3062 844 3139 quibus
862 3061 895 3123 id
916 3061 1071 3141 probatu.
1117 3088 1123 3106 ·

440 3144 532 3208 Hune
554 3164 622 3207 esse
644 3165 766 3207 sensum
785 3146 818 3210 Β.
831 3147 995 3225 Augustini
1014 3145 1131 3225 patebit
1151 3143 1273 3224 quibus

308 3255 316 3272 ·
357 3227 446 3305 tibet,
469 3230 521 3307 qni
530 3227 748 3308 praecedentia
759 3237 792 3292 st
801 3230 962 3306 sequeutia
977 3228 1150 3305 conterunt,
1162 3236 1194 3288 et
1206 3247 1273 3290 soo-

356 3312 779 3392 pumdugustiuiobaurvaot.
800 3311 1061 3390 FrustraGeraon,
1073 3312 1273 3391 ummuay-

356 3413 423 3470 rou,
441 3394 551 3458 frustra
563 3401 594 3457 et
606 3395 657 3458 alii
671 3395 732 3456 hoo
742 3396 782 3456 de
794 3395 948 3475 piimitira
957 3396 1099 3472 molesia,
1113 3394 1215 3456 aiiide
1226 3413 1274 3456 eu·

356 3476 525 3541 eleriacum
534 3476 654 3540 Christo
662 3479 728 3543 beo
742 3480 861 3540 inetuso
876 3479 1059 3558 intelligunt.
1080 3478 1163 3538 Nam
1174 3489 1208 3538 et
1220 3478 1272 3538 itt.

358 3559 495 3623 Confessi
508 3562 591 3622 idem
602 3562 684 3640 didit,
663 3571 741 3624 tse
762 3582 826 3622 non
837 3562 947 3626 ieviter
968 3569 1083 3623 motum
1104 3561 1146 3622 ad
1158 3561 1271 3622 christi

356 3641 458 3719 tidem,
471 3645 553 3722 quod
562 3607 684 3707 videret’
689 3646 892 3708 saeuisiiteris
902 3665 928 3707 a
930 3647 998 3706 Deo
1007 3655 1123 3706 tantam
1135 3664 1210 3707 esse
1222 3645 1318 3731 de

355 3734 418 3788 tum
429 3730 637 3805 autoritatem,
646 3729 734 3807 qnod
743 3737 810 3790 toto
821 3729 900 3790 oribe
907 3730 1110 3791 haberentur
1101 3749 1134 3788 ιιι
1147 3746 1269 3789 summo

356 3812 528 3872 autoritatis
549 3812 687 3892 fastigio
727 3813 779 3874 Sic
812 3813 866 3874 hio
892 3813 974 3882 diait
986 3833 1026 3874 so
1043 3820 1162 3874 momm
1181 3819 1269 3881 mato

392 3983 421 4045 1)
443 3982 473 4033 ln
500 3981 561 4033 edd.
586 3985 687 4051 origin.
713 3984 814 4037 desunt
831 3987 930 4042 verba:
958 3986 1066 4040 Deinde
1091 4002 1140 4055 per
1167 3988 1269 4040 autori·

250 4117 253 4129 k
355 4058 438 4106 tutem
457 4081 492 4091 -
511 4055 670 4120 opinionem
690 4063 715 4108 et
733 4057 865 4110 valorem.
901 4059 934 4124 2)
954 4058 1041 4118 Ibide
1057 4061 1087 4118 ii.
1118 4103 1121 4109 .
1205 4078 1221 4120 ⁴!
