3075 4775
324 527 367 603 ιι
531 527 690 596 Discussa
710 525 820 594 mac
837 524 933 587 scia
950 538 976 578 a
994 522 1058 576 ιιι

325 713 592 799 quaeritur,th
624 699 789 794 primatum
816 711 969 774 ccclesiae
998 711 1161 777 Marsuae
1187 731 1252 774 non

325 801 434 879 auiert,
465 798 519 860 sed
544 797 627 878 quod
654 797 689 858 B.
712 796 881 877 Gregorius
901 797 1017 875 primus
1037 795 1119 874 fecit,
1141 799 1173 856 st
1198 815 1264 893 ag·

326 885 413 948 novit
434 903 468 944 sc
488 882 559 946 ideo
573 880 725 944 ecclcsiae
748 879 921 940 catholicae
934 878 1118 952 Praelatum,
1141 885 1174 941 ut
1190 863 1264 952 scr-¹

326 988 399 1032 vum
421 984 579 1028 servorum
608 983 642 1024 se
665 983 735 1026 esse
757 965 965 1059 agnosceret,
992 963 1025 1022 in
1056 981 1117 1040 qua
1143 981 1178 1022 re
1204 981 1251 1024 so

327 1070 406 1130 quen
409 1057 455 1112 tes
409 1046 641 1112 tPontificss
664 1066 726 1108 non
751 1046 899 1109 conviciis
920 1045 1085 1123 lacessere,
1106 1045 1162 1106 sed
1186 1065 1253 1109 ora·

327 1134 472 1212 tionibus,
494 1138 528 1194 ut
548 1131 625 1192 tales
648 1129 733 1208 fiant,
751 1149 772 1190 a
788 1129 856 1191 Deo
877 1130 1043 1209 impetrare
1064 1128 1252 1191 studeamus.

326 1301 415 1362 Hora
431 1298 566 1362 secunda
576 1269 790 1376 pomeridiana
811 1298 924 1373 quarta
945 1295 1079 1361 disJulii
1088 1296 1253 1360 mom.

656 1413 697 1475 Μ.
718 1412 769 1472 Lu
780 1412 926 1474 therus.

410 1531 542 1594 Primam
559 1531 794 1612 responsionem
818 1549 928 1610 meam,
949 1549 1010 1610 qua
1032 1549 1071 1591 ex
1087 1521 1254 1593 autoritate

328 1615 466 1678 Paulil
490 1613 629 1676 Corinth.
647 1616 675 1678 3
706 1613 845 1692 ostendi,
878 1613 917 1675 ab
953 1613 1097 1694 apostolo
1119 1613 1253 1696 prohibi-

327 1707 407 1776 tum,
444 1717 484 1758 ne
509 1695 616 1758 fideles
645 1696 703 1760 sibi
725 1703 922 1778 arrogarent,
893 1697 993 1758 tvel
1015 1695 1167 1778 cepham,
1201 1697 1253 1760 vel

327 1781 472 1860 Paulum,
506 1780 556 1840 vel
588 1780 720 1860 Apollo,
753 1780 792 1840 ad
821 1781 912 1842 istum
935 1779 1059 1842 modum
1083 1781 1255 1845 confutarit

327 1867 363 1926 D.
386 1865 423 1924 D.
446 1865 604 1946 egregius,
633 1863 715 1944 quod
739 1864 797 1924 etsi
818 1863 930 1926 Paulus
952 1861 1065 1926 ibidem
1088 1864 1169 1924 Petri
1191 1883 1253 1924 me-

227 1944 230 1952 ’
329 1948 464 2025 minerit,
493 1966 556 2007 non
586 1953 689 2008 tamen
717 1945 795 2008 falso
800 1946 1024 2028 Hieronymus
1047 1953 1154 2008 contra
1175 1946 1253 2008 lovi·
1275 1961 1279 1975 ·

328 2031 454 2091 nianum
476 2029 564 2091 dicit:
588 2029 674 2090 Unus
698 2013 830 2110 eligitur,
854 2029 938 2110 qnod
960 2031 1061 2110 capite
1083 2030 1252 2091 constituto

329 2114 453 2175 occasio
483 2113 655 2174 schismatis
679 2113 819 2182 tollatur
856 2112 939 2174 clare
972 2113 1110 2194 appellat
1130 2113 1253 2174 Petrum

328 2202 421 2276 caput
454 2197 486 2255 in
514 2195 646 2256 ecclesia
673 2197 882 2258 constitutum.
925 2194 1065 2276 Adiecit,
1098 2195 1153 2257 sed
1173 2195 1255 2271 haec

261 2306 275 2316 -
329 2280 423 2340 missa
445 2277 602 2340 iaciamus.
908 2341 921 2366 ι
1021 2356 1025 2363 st

411 2361 615 2443 Respondeo·
637 2361 707 2424 Non
751 2363 831 2424 atior
850 2364 979 2444 propter
992 2363 1142 2423 minorem
1164 2365 1253 2425 auto·

328 2448 448 2509 ritatem
469 2445 625 2507 inductam
649 2466 698 2507 me
722 2382 826 2507 divelli
849 2466 868 2507 a
890 2447 1017 2507 maiore.
1050 2446 1137 2507 Hac
1148 2453 1251 2507 tantus

207 2602 212 2607 ¹
328 2537 375 2590 est
396 2528 618 2614 Hieronymus,
650 2535 682 2589 ut
702 2536 828 2610 propter
849 2548 920 2589 eum
947 2525 1074 2590 Paulum
1098 2529 1250 2591 deseram.

326 2610 397 2673 Non
428 2631 502 2693 ergo
538 2605 650 2673 Paulus
680 2606 779 2673 solum
810 2612 949 2672 meminit
975 2612 1016 2673 ibi
1044 2612 1143 2691 Petri,
1172 2612 1252 2674 siout

328 2700 456 2756 conatur
478 2702 644 2755 extenuare
671 2696 731 2757 ista
752 2695 943 2773 confutatio,
976 2694 1032 2756 sed
1062 2714 1131 2755 cum
1159 2695 1253 2775 plena

329 2778 494 2839 autoritate
516 2777 657 2855 docete,
641 2778 846 2859 etprohibet,
868 2797 908 2838 ne
930 2779 998 2855 quis
1020 2777 1111 2839 dicat
1125 2797 1159 2839 se
1182 2798 1254 2839 esse

328 2861 418 2925 Petri.
461 2860 551 2921 Unde
584 2868 615 2921 et
639 2860 722 2923 idem
751 2861 917 2941 capitulum
927 2859 958 2937 1)
984 2860 1159 2923 concludit:
1181 2860 1251 2921 Om-

328 2945 379 3005 nia
401 2950 503 3005 vestra
532 2945 597 3005 sive
619 2944 750 3020 Paulus,
768 2945 840 3004 sive
862 2942 1031 3025 Cepha2),
1071 2945 1136 3005 sive
1159 2963 1253 3025 mors,

329 3028 394 3087 sive
416 3029 494 3105 vita,
524 3046 580 3089 vos
604 3033 706 3088 autem
729 3026 860 3107 Christi,
892 2991 1031 3088 Christus
1052 3034 1154 3089 autem
1182 3027 1251 3091 Dei.

328 3108 396 3170 Stat
364 3116 491 3191 atergo
513 3112 573 3171 ista¹
594 3111 756 3191 responsio
780 3129 850 3171 mea
871 3108 972 3169 adhuc
992 3110 1117 3188 invicta,
1141 3116 1172 3170 et
1192 3110 1253 3172 nisi

327 3190 481 3253 robustius
512 3192 669 3254 co'nfutata
697 3192 804 3271 fuerit,
839 3211 966 3288 oppono
1002 3212 1069 3253 eam
1104 3157 1251 3255 dmnibns

328 3276 499 3355 praeteritis
522 3282 553 3335 et
572 3276 679 3359 futuris
701 3239 889 3357 a'rgunientis
911 3275 948 3336 D
958 3276 998 3339 D
1016 3275 1150 3337 Verbum
1169 3276 1251 3338 enim

328 3356 386 3419 Dei
408 3370 500 3437 super
522 3348 626 3420 omnia
648 3359 742 3420 verba
764 3358 923 3420 hominum
947 3365 1003 3420 est

409 3439 460 3500 Ad
492 3439 712 3523 Hieronymum
746 3448 849 3503 autem
879 3438 966 3521 dico,
1005 3440 1089 3521 quod
1124 3447 1155 3501 et
1192 3460 1251 3520 ego

328 3522 421 3583 missa
449 3523 529 3583 facio
558 3543 612 3601 ea,
641 3544 710 3585 cum
739 3525 778 3585 sit
804 3524 1052 3618 ambiguissimus
1082 3524 1186 3602 locus,
1220 3530 1254 3585 ut

279 3644 286 3663 .
329 3604 409 3665 bens
432 3606 585 3668 sensitD
607 3608 734 3669 Doctor.

410 3687 583 3749 Secundam
605 3688 841 3772 responsionem
866 3708 967 3750 meam
993 3688 1034 3750 ad
1056 3688 1252 3750 autoritatem

221 3778 223 3783 '
267 3790 269 3804 ¹
327 3770 438 3833 Johan.
462 3774 490 3835 5.
525 3770 576 3831 ubi
599 3772 679 3849 dixi,
714 3770 866 3833 Christum
895 3772 981 3851 loqui
1003 3771 1043 3833 de
1064 3770 1253 3850 aequalitate

327 3854 488 3935 potentiae
510 3860 564 3935 pat
565 3874 666 3934 ernas,
689 3856 778 3915 iussit
799 3875 849 3916 me
869 3856 907 3918 D.
919 3856 957 3917 D
978 3855 1086 3917 attent
1077 3874 1125 3916 rus
1147 3855 1253 3936 legere

339 4050 412 4114 ··l)
433 4048 463 4102 ln
482 4048 524 4102 ed.
537 4046 617 4103 Jamr
637 4048 736 4103 eodem
756 4050 857 4118 capite.
876 4046 911 4105 il
925 4048 956 4101 ln
975 4046 1018 4102 ed.
1026 4048 1113 4117 oria:
1134 4045 1252 4117 Cephea.
