3075 4775
347 524 412 589 338
590 526 683 581 Ruunt.
702 524 730 579 t.
748 536 834 595 super
852 526 1046 595 impositione

347 713 493 777 nuutibus
534 710 739 793 temporum
783 712 865 774 hune
906 710 1072 793 poteststis
1106 710 1276 791 prinninas
1379 674 1380 705 ἶ

347 796 522 941 θθάωᾉθῆἀο
544 878 583 939 od
606 880 693 956 bueo,
715 878 800 959 quod
813 898 871 941 neo
890 881 922 940 in
943 879 1004 939 hoo
1018 886 1102 939 reste
1124 882 1157 935 et
1178 894 1272 938 eruu-

347 965 447 1045 getios
466 962 503 1024 tit
524 983 545 1022 s
564 962 713 1023 Romanis
748 962 961 1043 pontificibus,
993 961 1075 1041 quod
1103 960 1275 1039 episeopos
1379 1010 1380 1039 ,

348 1048 531 1107 eRomuno
554 1045 688 1106 ecelesia
714 1052 922 1127 propagatos,
957 1043 1074 1125 idest,
1106 1042 1276 1103 contesimo
1379 1042 1380 1089 Ψ

303 1124 314 1129 ’
347 1130 487 1191 latinum
510 1130 555 1189 sio
578 1129 808 1207 administrent,
842 1136 875 1190 ut
894 1129 953 1189 soti
984 1130 1043 1209 ipsi
1075 1124 1220 1189 ordinent
1241 1134 1275 1185 et
1379 1166 1380 1169 ,

348 1213 531 1274 confirment
569 1214 740 1292 episeopus
774 1232 892 1273 ornnes.
937 1213 969 1273 ln
999 1212 1060 1272 hoo
1092 1211 1179 1271 enirn.
1208 1226 1272 1268 non

348 1296 482 1367 Christo,
505 1295 561 1355 sed
583 1294 642 1355 sibi
661 1295 810 1357 eoolesiss
822 1296 934 1356 Christi
953 1296 1093 1355 videntur
1113 1310 1273 1372 arrogare,

347 1400 417 1439 oum
450 1379 585 1459 apostoli
607 1378 693 1438 Puuli
731 1379 877 1459 exemplo
900 1378 1049 1440 deberent
1080 1378 1172 1438 etism
1202 1375 1275 1434 eliis

351 1464 544 1523 summittere
576 1463 828 1523 constitutionem
862 1464 1093 1542 episeoporum,
1126 1458 1276 1518 videlidet

350 1545 593 1625 archiepiscopis
615 1553 648 1604 et
668 1544 786 1608 vicinis.
830 1546 986 1607 [iuberent
1014 1564 1088 1625 ergo
1109 1542 1276 1627 illosto

351 1632 553 1703 committere,
576 1635 607 1688 et
628 1647 821 1708 nequaquem
837 1648 959 1709 sog-ere,
982 1638 1016 1689 ut
1037 1644 1187 1708 pronovo
1210 1626 1274 1705 epi·

348 1730 445 1792 soopo
456 1712 495 1771 sd
509 1711 620 1772 Urbem
634 1713 798 1773 mitterent.
841 1712 943 1773 Habet
954 1713 1036 1773 enim
1052 1712 1113 1771 hoo
1133 1710 1271 1789 speeiem

349 1812 413 1856 non
436 1796 538 1856 levem
558 1796 707 1855 oronnae
730 1802 762 1854 et
784 1795 969 1876 tyrannidis,
993 1813 1054 1874 qus
1074 1793 1276 1854 dominentur.

348 1878 420 1939 fidei
443 1897 572 1956 sorum,
601 1877 684 1957 quod
706 1878 819 1939 Pontus
842 1878 941 1941 noluit
961 1880 991 1939 in
1015 1876 1191 1937 Corinthios
1215 1874 1274 1935 sibi

348 1982 505 2044 usurpure.
548 1960 715 2022 mffiouer
730 1964 812 2022 enim
829 1962 928 2022 semel.
938 1964 1120 2043 episooputn
1132 1958 1284 2033 dedisse,-

349 2054 381 2107 et
405 2046 552 2125 deinceps
572 2064 628 2105 sos
649 2046 767 2125 gratiae
783 2046 841 2105 Dei
862 2044 1097 2105 sommendstos
1120 2060 1275 2123 propagu-

350 2130 426 2189 tioni
459 2130 642 2208 propriee¹j
659 2147 729 2188 ⁴eos
766 2129 958 2208 relinquere,
992 2134 1045 2189 sut
1072 2124 1273 2187 solummodo

349 2230 453 2271 surum
474 2230 599 2291 gerere,
629 2231 670 2271 ne
692 2231 710 2270 s
731 2210 794 2271 fide
815 2211 1055 2291 degenerarent,
1078 2212 1168 2269 siout
1198 2228 1275 2289 opo·

349 2294 448 2354 stolus
469 2296 501 2353 in
517 2294 636 2354 Galatis
649 2297 832 2355 monstravit
849 2295 1033 2374 exemplum.
1077 2292 1168 2353 Nune
1189 2292 1273 2353 vide-

349 2393 416 2437 mus
439 2384 601 2458 praetextu
628 2378 718 2438 huius
741 2377 881 2440 beneficii
905 2389 936 2442 st
957 2380 1104 2458 primatus
1132 2379 1272 2439 omnium

350 2463 547 2540 episcopatus
578 2471 608 2522 et
636 2461 811 2522 sacerdotio
840 2464 871 2521 in
907 2464 1087 2544 romginem
1110 2461 1274 2520 &monne

350 2545 498 2604 auaritiae
519 2547 600 2624 rupi,
630 2552 676 2606 tot
697 2545 855 2606 Simonias
876 2545 1163 2626 impudentissimus
1186 2563 1273 2604 mon·

351 2630 421 2688 stris
444 2628 505 2688 hoo
527 2648 588 2688 uno
608 2627 761 2708 operculo
784 2631 882 2691 tentis.

433 2829 473 2889 ln
495 2827 627 2908 Cephen,
650 2829 679 2888 id
703 2744 928 2910 esquerppuprpt
946 2829 1127 2910 principium
1153 2835 1274 2889 teneret

351 2912 553 2994 apostolatus
597 2911 655 2970 Vel
676 2912 727 2972 hio
750 2912 837 2973 loeus
860 2911 1011 2989 ostendit,
1039 2913 1136 2992 magis
1160 2909 1274 2972 affeetu
1297 2934 1303 2942 ’

350 2996 531 3077 potestatis,
565 3013 656 3074 quam
688 2997 825 3056 veritatis
859 2993 959 3056 studio
996 2992 1078 3054 huno
1108 2995 1274 3074 primatum
1379 3039 1380 3050 ,

351 3080 532 3159 quaesitum.
577 3077 743 3152 Quomodo
778 3079 859 3139 enim
890 3087 935 3138 tot
967 3077 1052 3137 falsis
1081 3079 1274 3158 argumentis

351 3170 520 3239 uterentur,
555 3161 578 3221 si
602 3163 697 3222 semel
722 3165 753 3222 et
786 3162 915 3222 solidam
948 3159 1097 3221 haberent
1125 3161 1274 3220 oausam?

352 3246 453 3306 multis
477 3254 578 3306 autem
602 3253 674 3324 eget
697 3245 907 3322 mendacium,
931 3251 963 3304 ut
985 3264 1090 3304 verum
1113 3250 1273 3324 appareat.

351 3329 456 3407 ltaque
491 3334 551 3388 tom
581 3329 695 3387 inscius
735 3337 783 3388 est
816 3330 874 3388 iste
905 3329 1044 3388 scenicus
1078 3333 1108 3386 et
1131 3330 1274 3408 poeticus

247 3420 283 3459 Ἀ
351 3406 534 3486 AnneletuS,
571 3411 602 3470 ut
625 3410 761 3491 Cephom
794 3419 886 3491 eaput
916 3413 1131 3492 interpretetur
1166 3420 1275 3471 eontra

351 3492 611 3554 evidentissimum
636 3502 667 3554 et
695 3495 900 3575 apostolieum
928 3495 1138 3553 testimonium
1164 3493 1274 3554 lohan-

352 3577 397 3635 nis
420 3577 564 3656 apostoli,
588 3580 637 3656 qui
655 3578 728 3637 dioit
748 3578 855 3637 Iohan.
881 3583 913 3640 t:
958 3577 1085 3636 Intuitus
1098 3597 1169 3635 eum
1184 3577 1275 3636 Iesus

352 3659 442 3719 dixit:
480 3659 526 3719 'l'u
549 3679 581 3719 es
605 3661 712 3722 Simon
735 3659 815 3720 filius
837 3661 1000 3739 Johnnna,
1035 3657 1079 3719 Tu
1111 3661 1274 3720 vocaberis

353 3741 485 3822 CephuS,
508 3743 589 3822 quod
606 3743 950 3823 interpretaturPetrus.
996 3743 1093 3804 Pudet
1107 3763 1167 3820 me,
1192 3743 1276 3824 qnod
1379 3763 1380 3776 ¹

352 3845 444 3905 super
465 3825 525 3884 hoo
547 3845 649 3885 errore
664 3829 855 3886 orussissimo
879 3825 996 3887 tontum
1016 3828 1175 3908 negotium
1200 3836 1274 3888 stru-

341 3908 424 3986 itur,
452 3908 483 3966 in
520 3925 580 3985 quo
604 3909 692 3968 simul
715 3909 911 3992 indiligentes
942 3929 975 3971 se
1001 3911 1095 3972 fuisse
1117 3910 1274 3992 evangelii

347 4037 351 4043 ’
388 4063 421 4124 1)
442 4061 474 4112 ln
493 4059 536 4113 ed.
557 4062 664 4127 priore:
685 4031 804 4130 proprie.
908 4061 911 4066 ’

1352 3963 1365 4004 t
