3075 4775
334 522 398 587 344
571 522 664 577 Rosci.
684 522 710 575 Ι..
729 536 815 591 aper
833 522 1027 591 Propositicns

336 714 371 769 ut
389 709 470 769 iurat
489 726 525 769 se
545 714 630 771 recte
650 709 783 787 iurasse,
820 708 914 787 idque
935 710 1003 769 sine
1024 708 1102 784 iine,
1135 722 1207 764 cnm
1228 704 1260 763 in

337 791 423 852 nulio
444 792 617 853 iuramento
639 792 861 853 conscientem
885 793 949 851 eius
972 808 1104 866 nosces,
1132 794 1262 849 rectene

337 876 431 950 iuret,
466 892 508 935 cn
529 875 639 937 secus?
671 874 828 937 dientem
856 876 1033 955 ignorantis
1058 870 1259 933 istaccnsci-

337 958 443 1018 entiae
464 975 527 1017 non
561 966 667 1019 moret
697 957 738 1018 ad
765 960 960 1019 exactionem
983 956 1164 1029 iuramenti,
1200 968 1263 1031 qua

337 1041 438 1101 fronte
459 1041 665 1121 ignorantiam
687 1043 943 1102 conscientiarum
967 1060 1023 1120 pro
1047 1056 1144 1101 caum
1165 1035 1260 1095 addu-

337 1122 403 1183 cis?
445 1122 535 1198 Quae
563 1132 612 1185 est
631 1125 693 1185 iata
713 1124 860 1185 mirabilis
883 1126 913 1183 in
936 1142 997 1185 uno
1020 1123 1146 1185 homine
1168 1136 1262 1198 super

337 1206 449 1267 eodem
469 1204 597 1269 homine
618 1209 768 1287 patientia
788 1214 819 1269 et
837 1208 1030 1287 impatientia
1054 1200 1259 1287 ignoratas¹)

338 1289 568 1351 conscientiae?
592 1289 623 1351 Si
637 1299 766 1370 accepto
791 1290 962 1351 iuramento
985 1297 1101 1350 tantam
1131 1284 1261 1345 admini-

338 1374 517 1433 strationem
540 1374 569 1432 ei
585 1372 683 1433 cedis:
697 1392 837 1453 sunnon,
861 1372 944 1453 quod
965 1373 1063 1433 levius
1085 1376 1160 1446 erat,
1182 1369 1261 1427 iura·

339 1462 474 1516 mentum
501 1456 563 1534 [ei]
590 1455 696 1516 cedis?
717 1457 767 1516 An
793 1464 900 1537 putas,
925 1455 1007 1535 quod
1032 1456 1129 1515 maior
1150 1470 1200 1512 res
1222 1450 1262 1510 sit

337 1541 540 1599 iuramentum
563 1538 617 1599 tibi
638 1541 835 1619 praestitum,
869 1558 959 1618 quam
982 1546 1087 1599 tantae
1108 1535 1261 1597 eeclesiae

337 1621 581 1681 administratio?

422 1703 469 1763 Ad
491 1703 585 1780 haec,
613 1707 756 1784 ignoratn
778 1705 968 1766 conscientia
990 1703 1096 1764 debuit
1115 1710 1147 1762 te
1169 1717 1260 1781 quam

341 1788 525 1847 tutissimum
547 1788 650 1848 fecere
671 1788 710 1848 sd
723 1788 943 1869 imponendam
967 1787 1207 1867 praelationem,
1228 1791 1264 1843 ut

340 1888 379 1931 eo
402 1872 500 1950 magis
522 1871 710 1951 relinqueres
732 1872 952 1946 iuramentum,
982 1888 1043 1950 quo
1067 1870 1172 1929 minus·
1191 1883 1263 1927 con-

340 1954 485 2015 scientias
508 1956 601 2028 nosti,
623 1972 663 2014 ne
682 1954 764 2017 forte
786 1954 825 2015 ad
842 1956 1004 2035 periurium
1030 1970 1100 2013 eum
1123 1968 1262 2031 cogeres.

339 2036 546 2098 Gaudendum
570 2037 623 2098 tibi
644 2038 716 2117 fuit,
747 2038 829 2098 hanc
856 2037 950 2097 tibia
973 2036 1094 2097 Christo
1121 2034 1261 2095 relictam

340 2120 531 2191 libertatem,
553 2127 586 2180 ut
606 2123 709 2201 possis
730 2122 777 2181 eis
800 2140 875 2182 oves
899 2121 1108 2195 committere,
1132 2134 1261 2197 quorum

338 2201 437 2262 corda
469 2222 531 2263 non
561 2205 652 2265 nosti.
696 2203 786 2265 Nunc
816 2222 873 2284 per·
903 2204 1107 2263 iuramentum
1144 2204 1264 2261 secreta

224 2356 229 2363 ,
342 2285 497 2365 exploras,
519 2295 572 2346 aut
592 2287 624 2346 in
638 2284 807 2366 periculum
821 2288 945 2347 fratrem
968 2285 1105 2362 adducis,
1131 2300 1263 2363 quorum

341 2375 502 2448 utrumque
524 2371 736 2450 gravissimum
762 2376 824 2431 est:
857 2368 949 2449 idque
972 2371 1038 2439 sine
1055 2387 1171 2445 ,caussa
1206 2382 1264 2427 nec

340 2459 467 2532 propter
494 2453 609 2531 Deum,
639 2453 693 2513 sed
727 2461 854 2534 propter
885 2451 1066 2514 fidelitatem
1097 2453 1263 2513 Romanae

340 2533 502 2596 ecciesiae.
1242 2599 1246 2610 ,

420 2619 560 2695 Demum,
583 2618 609 2679 si
629 2620 805 2700 ignorantis
828 2626 877 2679 est
897 2637 991 2679 causa
1012 2618 1194 2695 iuramenti,
1217 2635 1262 2676 se·

341 2703 453 2781 quitrrr,
475 2703 501 2761 si
523 2704 618 2763 scires
642 2703 874 2779 conscientiam,
897 2702 978 2762 maie
1002 2709 1032 2762 te
1055 2702 1199 2780 exegisse
1220 2701 1262 2759 iu-

341 2791 523 2845 ramentum.
567 2784 609 2845 At
645 2805 714 2845 cum
751 2786 881 2865 quisque
911 2785 949 2846 de
983 2783 1122 2864 quolibet
1151 2782 1265 2843 debeat

341 2868 458 2948 optima
485 2887 698 2948 praesumere,
722 2877 753 2929 et
775 2870 909 2928 caritatis
932 2869 971 2928 sit
999 2867 1104 2928 omnis
1126 2865 1263 2942 credere,

341 2951 419 3012 haec
439 2952 508 3031 ipsa
530 2949 607 3011 fides
630 2951 668 3011 de
691 2951 792 3011 fratris
810 2950 948 3012 bonitate
971 2952 1083 3012 certior
1107 2949 1263 3010 est-omni

341 3035 486 3112 scientia,
510 3033 593 3114 quod
615 3036 737 3094 etiamsi
757 3035 865 3113 scires,
889 3033 939 3094 diu
963 3036 1042 3094 scire
1063 3052 1125 3093 non
1150 3033 1263 3112 possis,

340 3118 468 3178 credere
500 3126 602 3178 sutem
632 3134 754 3197 semper
784 3119 896 3200 possis.
947 3117 1080 3192 Ultimo,
1113 3113 1262 3193 numquid

341 3206 414 3280 post
434 3202 638 3261 iuramentum
660 3200 743 3261 nosti
764 3202 830 3261 sius
844 3199 1087 3262 conscientiam?
1111 3199 1173 3259 Ocr
1188 3215 1263 3278 ergo

342 3299 404 3343 non
426 3289 492 3344 toto
508 3291 648 3363 ternpore
667 3283 720 3344 tibi
733 3285 822 3362 iurat,
845 3284 895 3362 qui
911 3290 976 3344 toto
992 3292 1132 3362 tempore
1155 3299 1263 3341 oausam

341 3367 502 3426 iuramenti
525 3367 579 3427 tibi
602 3366 759 3446 praestet?

423 3448 510 3509 Haec
530 3449 609 3528 dixi,
642 3458 675 3510 ut
708 3449 883 3528 videamus,
917 3449 990 3528 quid
1019 3449 1057 3508 sit
1086 3447 1183 3510 verbo
1207 3447 1264 3506 Dei

341 3531 426 3592 nolle
447 3531 568 3609 cedere,
590 3533 805 3614 etScripturas
822 3551 878 3593 suo
901 3533 1003 3600 sensui
1025 3537 1141 3611 aptare.
1182 3529 1264 3604 Quo-

342 3614 436 3674 modo
448 3614 542 3694 ego²)
556 3635 676 3697 sperem
689 3616 771 3697 apud
783 3617 941 3676 Romanos
953 3601 1115 3696 pdntiiices
1131 3630 1202 3674 esse
1217 3613 1264 3672 ius

341 3695 786 3780 interpretandsesscriptnme,
794 3701 845 3778 qui
853 3705 914 3758 tam
923 3696 1264 3777 manifesteSoripturas

341 3782 372 3841 iu
392 3781 495 3841 alieno
511 3800 603 3842 sensu
620 3783 774 3842 tractant?
797 3782 865 3858 Vel,
888 3782 960 3860 quid
974 3801 1037 3841 non
1050 3779 1213 3841 obtineant
1232 3780 1265 3838 in

341 3870 420 3924 terra
443 3864 577 3924 Romani
587 3863 642 3946 Ὗ.)
672 3866 744 3944 quid
766 3885 829 3926 nou
851 3865 987 3926 audeant
1008 3883 1114 3925 eorum
1137 3864 1264 3925 nomine

366 3967 457 4029 ·1)in
483 3966 525 4018 ed.
543 3965 618 4018 Jeou:
636 3967 821 4034 ignorantiae.
858 3966 887 4032 Ἄ)
909 3967 938 4020 In
964 3966 1006 4020 ed.
1043 3964 1104 4018 den.
1139 3972 1167 4020 et
1197 3967 1263 4020 Wit-

338 4036 426 4090 tenu:
447 4052 524 4105 orgo.
562 4036 578 4090 3
583 4043 594 4100 t
617 4037 682 4090 ibid.
708 4038 846 4110 additum:
867 4039 1018 4106 pontifices.
