3075 4775
1068 464 1083 523 ι

521 604 525 614 ,
548 561 565 596 a
582 545 702 599 Notariis
721 552 846 615 excepta.
1101 545 1166 614 217

244 733 327 793 nales
350 752 408 813 pro
431 737 566 813 peccato
589 730 708 793 debitas
730 750 792 792 non
816 750 886 793 esse
907 754 928 794 a
943 752 1026 815 papa
1047 735 1098 796 vel
1118 756 1166 797 sa·

245 816 367 877 cerdote
390 814 602 877 remissibiles.
646 816 725 875 Δι’
717 836 748 875 ιιι
777 815 825 876 his
845 818 968 879 remitto
990 838 1041 880 me
1062 819 1130 880 ad
1122 841 1165 881 ru·

245 900 340 976 dices
370 907 499 981 paratus
523 904 641 961 mutare
664 900 865 971 sententiam
896 901 923 961 si
945 920 994 963 me
1015 903 1104 963 aliter
1125 904 1165 965 ad

245 984 350 1043 melius
374 983 552 1043 docuerint.

244 1068 339 1127 Finita
362 1073 436 1127 sunt
458 1066 539 1127 haec
561 1065 640 1127 XIV.
664 1063 713 1125 die
736 1066 821 1144 lulii,
848 1066 927 1127 bora
947 1074 1060 1129 ιιιιιιιιι
1080 1085 1166 1149 prae

376 1156 469 1210 sente
490 1149 643 1225 frequenti
667 1150 821 1209 concione
845 1150 1031 1211 auditorum.

319 1233 385 1295 Soli
407 1234 479 1295 Dec
502 1232 604 1293 honor
626 1238 656 1293 et
678 1232 789 1312 gloria.
833 1233 926 1295 Anno
948 1234 1087 1298 MDXlX.

609 1470 793 1479 *ᾠ-

531 1666 675 1758 Sermo
702 1663 885 1759 Lutheri

244 1821 365 1899 Lipsiae
398 1822 430 1879 in
463 1837 533 1878 arce
568 1816 761 1895 praedicatus
775 1816 852 1893 *ι’
844 1838 875 1875 ιιι
908 1817 990 1878 feriis
1023 1819 1103 1879 Petri
1136 1825 1168 1878 et

248 1903 351 1979 Pauli,
386 1920 470 1962 anno
505 1900 687 1967 MDXlX.t
675 1907 815 1997 tempore
854 1898 1070 1980 disputationis
1104 1900 1168 1969 illic

244 1950 384 2064 habitab,
410 2003 560 2045 unacum
584 1986 787 2047 excusatione
814 1984 933 2063 aliquot
958 1985 1166 2063 articulorum,

431 2088 449 2127 a
472 2066 633 2129 malevolis
655 2066 734 2127 falso
757 2070 987 2128 intentatorum.

327 2184 418 2245 Haud
441 2184 532 2246 dubie
554 2184 709 2265 plerisque
722 2185 864 2246 omnibus
886 2192 992 2245 notum
1016 2190 1071 2261 est,
1094 2204 1167 2263 quo-

247 2268 338 2328 modo
368 2289 427 2349 ego
454 2268 600 2328 Martinus
628 2268 671 2327 Lu
674 2269 777 2328 therus
801 2268 929 2328 abusum
958 2234 1166 2328 Romabarum

247 2352 507 2436 indulgentiarum
530 2353 679 2424 taxarim,
711 2360 839 2433 urgente
869 2371 919 2412 me
948 2352 987 2412 ad
1008 2352 1090 2414 hanc
1112 2353 1167 2412 ler-

166 2475 168 2482 ,
247 2455 315 2495 nam
349 2435 591 2532 aggrediendam
625 2435 799 2497 Christiano
837 2435 939 2495 studio
971 2443 1002 2496 et
1032 2454 1168 2496 commo-

249 2518 339 2579 dandi
363 2519 422 2598 piis
445 2537 560 2595 amore,
583 2537 651 2578 cum
673 2520 808 2580 viderem
832 2527 895 2578 tam
918 2521 1028 2578 misere
1051 2519 1166 2616 aliquo-

248 2621 310 2659 rum
350 2603 605 2662 concionatorum
643 2604 753 2662 insano
790 2603 930 2661 instituto
971 2603 1167 2681 promiscuae

249 2684 355 2764 populi
390 2684 574 2744 multitudini
613 2687 751 2765 imponi,
785 2686 869 2744 cuius
901 2685 1090 2764 simplicitati
1068 2684 1166 2743 tilli

247 2772 408 2845 praetextu
431 2767 591 2864 indulgent
581 2769 687 2828 tiarum
710 2768 811 2848 perdit
813 2788 829 2827 e
848 2766 1079 2844 insidiabantur,
1102 2787 1165 2825 non

247 2851 363 2909 solum
379 2869 446 2909 cum
472 2853 640 2910 animarum
662 2850 840 2948 dispendio,
880 2850 1049 2910 sedetiam
1071 2850 1180 2909 victui'

209 2969 217 2988 ι
247 2935 421 2993 necessaria
444 2935 505 2994 suis
529 2935 703 3015 praestigiis
726 2936 846 2994 miseris
868 2932 1087 2994 subtrahendo
1117 2931 1166 2990 Ex

247 3035 305 3094 quo
328 3035 487 3096 propenso
510 3037 579 3077 meo
601 3020 811 3079 incommune
832 3017 933 3078 studio
953 3017 1080 3076 multum
1103 3005 1165 3075 odii

247 3109 275 3158 et
295 3101 425 3196 periculi
449 3101 521 3160 mihi
544 3103 702 3177 contraxi,
736 3102 850 3162 multos
880 3101 1002 3161 labores
1025 3100 1163 3171 sustinui,

248 3184 379 3242 mult'a
372 3185 529 3262 insumpsi.
572 3183 621 3243 Ad
656 3185 734 3244 haec
765 3185 897 3246 nominis
930 3184 1061 3261 mei,e
1044 3189 1075 3241 et
1103 3203 1164 3242 non

248 3266 454 3346 negligendae
468 3267 554 3326 Chris
557 3268 641 3328 tiano
665 3267 901 3328 existimationis
923 3285 1047 3347 gravem
1071 3267 1164 3326 iactu-

247 3369 309 3408 ram
333 3350 410 3426 feci,
441 3369 509 3408 curn
539 3353 688 3430 passimt
676 3352 853 3412 traducerer
874 3371 893 3409 a
915 3348 1094 3444 quibusdam
1117 3371 1164 3420 sa-

249 3432 403 3510 pientibus
442 3439 473 3492 et
509 3434 653 3493 sanctulis
689 3455 745 3517 pro
776 3441 938 3530 suggestu,
972 3434 1002 3492 in
1034 3433 1165 3513 angulis,

247 3515 373 3592 plateis,
408 3522 439 3574 et
427 3515 515 3575 tubi
545 3517 633 3576 non?
664 3518 757 3596 idque
780 3518 975 3598 gravissime,
997 3516 1163 3595 quodiam

248 3598 284 3656 ad
309 3598 463 3657 biennium
487 3600 562 3658 citra
583 3602 839 3662 intermissionem
865 3599 991 3659 duravit

326 3679 549 3760 Quanquam
542 3703 571 3740 ιιι
607 3684 653 3743 his
679 3681 825 3744 omnibus
857 3683 932 3742 illud
961 3685 1094 3744 maxime
1115 3701 1164 3741 me

249 3766 390 3838 turbavit,
414 3765 494 3843 quod
518 3786 572 3845 per
595 3768 751 3831 eiusmodi
771 3767 921 3826 clamores
944 3775 975 3825 et
996 3766 1164 3826 calumnias

248 3853 293 3907 tot
314 3848 477 3907 Christiani
514 3852 659 3909 commoti
696 3857 766 3910 sunt
793 3857 823 3910 et
845 3852 965 3910 accensi
988 3850 1026 3909 ad
1051 3848 1165 3923 odium,

301 4073 331 4136 *J
353 4071 459 4124 Textus
478 4071 609 4162 redditus
622 4075 664 4122 est
682 4088 718 4124 ex
736 4073 803 4126 adit.
821 4073 881 4126 len.
901 4089 924 4125 a.
944 4071 1023 4131 rtet.
