3075 4775
474 560 535 617 suis
554 560 662 629 Lipsiae
681 558 835 629 disputetis·
849 579 875 615 n:
892 558 964 614 Xlx.
1114 560 1177 626 221

256 748 402 831 operibus
425 746 581 828 diffidere,
609 756 646 807 et
672 748 757 807 velut
770 749 980 830 ·pernlytieum
1002 749 1053 829 ¹),
1074 753 1177 813 remis·

257 835 298 893 sis
321 832 466 894 menibus
490 832 686 912 etpedibus,
721 834 855 912 gretiam*
878 850 1005 913 operum
1029 834 1183 895 ertifloem

254 917 431 997 implorare,
454 916 526 975 lioet
547 915 629 975 hene
650 918 832 975 sententium
847 914 957 976 Recine
979 936 1047 977 oum
1070 919 1178 979 feetio·
1209 981 1213 999 ,

253 1002 293 1060 sis
331 1000 397 1060 suis
416 1002 456 1059 'in
490 998 648 1079 singulare
678 1016 754 1059 suae
784 999 923 1060 inseitlee
965 1008 1176 1082 argumentum

253 1083 457 1145 dnmnevsrit.
1149 1099 1153 1109 ·

356 1166 526 1225 &omnent
557 1183 632 1245 ergo
655 1184 756 1245 nugae
777 1171 810 1225 et
831 1174 1012 1245 argumente
1032 1167 1176 1245 humens,

253 1268 334 1329 quse
356 1247 481 1309 dieunt:
525 1246 611 1308 Unus
633 1255 664 1307 et
684 1248 765 1307 idem
790 1254 881 1307 sotim
897 1266 959 1308 non
981 1256 1178 1329 potestesse

255 1336 492 1415 eeoeptutus'et
504 1330 732 1411 deseoeptetns,
754 1332 826 1410 quis
846 1338 930 1391 esset
949 1331 1049 1393 bonus
1061 1338 1092 1392 et
1113 1349 1175 1393 uon

255 1414 441 1479 bonuslloe
454 1416 535 1473 enim
550 1413 723 1474 subtilitatis
738 1413 881 1474 Bootioee
892 1414 1015 1492 indueo,
1027 1424 1060 1475 nt
1074 1422 1176 1476 osten·

252 1498 343 1577 dem,
367 1516 469 1577 quem
483 1497 576 1577 longe
598 1495 699 1557 absint
720 1516 739 1556 e
759 1498 904 1574 veritate,
931 1498 1002 1558 dum
1030 1516 1079 1558 res
1100 1500 1175 1559 istus

254 1581 377 1642 divinas
407 1581 560 1640 humenis·
578 1579 756 1640 ratiunculis
784 1581 933 1660 inetpiunt
960 1584 1067 1642 metiri.
1096 1582 1179 1642 ilem

253 1666 308 1726 nisi
331 1664 507 1744 Seriptmee
530 1665 687 1723 veritatem
716 1665 908 1744 ignorarent,
930 1666 990 1726 iste
1011 1684 1073 1726 non
1094 1665 1175 1727 dioe-

254 1756 330 1821 renl,
356 1754 387 1808 et
408 1749 432 1807 si
455 1753 538 1807 reete
549 1747 756 1829 intelligerent
776 1749 933 1808 materiam
956 1751 1084 1831 gmtiee,
1107 1768 1175 1829 pee-

253 1834 329 1909 mfi,
359 1838 392 1893 et
413 1830 499 1891 liberi
529 1830 658 1909 arbitrii,
687 1850 750 1904 non
781 1832 855 1891 istus
882 1832 1099 1900 cavillationes
1118 1852 1174 1913 pro

252 1916 341 1976 bonis
364 1912 537 1987 rationibus
556 1913 712 1979 ducerent.
995 1967 998 1975 .

334 1997 414 2057 Dioo
445 2015 535 2076 ergo:
570 1996 658 2059 ldem
679 2005 766 2059 aetus
790 2004 838 2057 est
858 2003 1035 2077 aoeeplatus
1057 2006 1089 2061 et
1109 2019 1186 2061 non.

252 2081 491 2161 deueeeptetus3
511 2079 594 2171 quod
616 2088 717 2141 eutem
742 2099 804 2141 non
826 2079 1045 2163 deeeeeptetur
1066 2085 1175 2163 (epora

250 2172 293 2225 tet
315 2164 400 2239 enim
422 2182 527 2227 eorum
551 2163 661 2239 verbis¹
675 2162 753 2243 uti),
783 2183 847 2228 oon
875 2171 923 2224 est
943 2164 1065 2230 bonitas
1087 2174 1173 2231 setus

250 2250 279 2308 in
304 2266 420 2323 eausa,
459 2243 513 2305 sed
535 2245 730 2326 ignoscentia
751 2246 871 2323 divino,
899 2267 978 2344 quae
999 2251 1058 2314 nisi
1081 2261 1175 2327 esset,

250 2331 355 2394 nullus
381 2335 464 2394 esset
494 2335 681 2410 eooeptstus.
725 2328 827 2406 Quare
856 2339 932 2396 saus
950 2339 1055 2413 patet,
1080 2337 1175 2416 quoti
1211 2360 1219 2385 ·

251 2423 322 2477 sunt
354 2415 454 2495 ignari
477 2414 598 2478 divinae
621 2415 873 2493 misericordiae„
899 2435 937 2485 ee
963 2436 1018 2496 per
1055 2419 1116 2480 hoo
1145 2430 1177 2484 et

251 2499 375 2574 Christi,
397 2497 469 2558 dum
483 2516 560 2577 opus
572 2496 686 2558 bonum
699 2499 858 2559 inveniunt
879 2503 1093 2579 acceptatione
1110 2504 1174 2586 <ligr

249 2602 335 2658 num,
358 2581 425 2641 sine
444 2580 653 2642 miserioordia
674 2583 864 2662 ignoscente.

163 2739 164 2742 Ἴ
335 2661 482 2725 Dicerent
509 2683 628 2744 rursus,
662 2683 715 2724 our
749 2682 824 2744 ergo
850 2662 874 2725 1⁴.
898 2663 1010 2728 Johon.
1033 2673 1060 2732 5.
1086 2666 1173 2731 dioit:

163 2749 164 2786 l
249 2747 424 2824 Quintius
446 2755 493 2808 est
514 2765 553 2807 ex
571 2747 649 2824 Deo,
672 2766 735 2808 nou
755 2754 881 2826 peceat,
896 2741 1091 2828 respondeo:
1116 2752 1171 2812 lm-

250 2829 385 2912 posibile
407 2835 464 2910 est,
486 2835 639 2910 utpeooet
655 2828 735 2890 filius
751 2829 808 2889 Dei
831 2831 1013 2911 quiounque.
1055 2831 1172 2896 Temen

250 2916 340 2975 simul
364 2924 468 2973 verum
493 2921 541 2974 est
555 2911 588 2993 ²)
613 2913 701 2993 quod
718 2920 844 2997 peceat,
870 2913 923 2973 sed
947 2917 1018 2994 quis
1039 2917 1171 2999 ignosci-

250 3008 298 3060 tur
313 2998 354 3074 ei,
376 2995 448 3056 ideo
458 3007 532 3057 tere
551 2998 643 3056 eliam
658 3015 792 3078 peooans
804 3017 868 3057 non
880 3005 999 3076 peceat,
1022 3000 1081 3060 nisi
1097 2999 1173 3076 Peu-

251 3082 297 3141 lus
320 3099 386 3142 non
408 3079 465 3139 fuit
491 3087 582 3140 uetus
604 3089 643 3140 'ex
664 3081 758 3160 Deo,
778 3081 887 3143 Roma.
909 3084 940 3156 7,
977 3082 1027 3144 ubi
1057 3087 1172 3147 servire

250 3184 284 3225 oe
307 3163 384 3224 dioit
412 3162 475 3244 legi
502 3165 635 3244 peoosti,
668 3165 720 3222 ant
750 3164 818 3244 ipse
839 3163 996 3226 lohannes
1026 3169 1171 3229 mentitus

251 3253 299 3308 est
323 3251 433 3308 eontra
458 3265 491 3306 se
512 3247 627 3328 ipsum,
651 3245 702 3308 ubi
718 3246 823 3308 ‘di'eitz‘
841 3247 872 3309 Si
896 3246 1077 3330 dixerimus,
1100 3254 1171 3332 quis

250 3327 495 3411 peoostum'non
524 3329 687 3406 hebemus,
718 3349 775 3390 nos
805 3333 890 3414 ipsos
920 3331 1111 3414 seducimus,
1142 3345 1173 3398 et

251 3416 365 3475 veritos
386 3415 420 3472 in
440 3413 529 3475 nobie
553 3433 616 3474 non
638 3421 693 3474 est.
739 3415 882 3494 Sequitur
901 3415 981 3475 enim
994 3413 1025 3493 ³)
1051 3423 1171 3501 exposi·

251 3499 293 3559 tio
308 3507 340 3557 et
351 3497 528 3576 eoncordia,
551 3495 733 3576 quemdedi.
756 3495 787 3558 Si
801 3505 913 3576 nutem,
934 3499 1078 3580 inquisti,
1101 3523 1170 3564 eon·

252 3581 325 3642 lessi
348 3579 493 3641 fuerimus
517 3588 644 3664 peeoatn
667 3589 786 3661 nostra,
814 3578 914 3642 fidelis
942 3591 990 3644 est
1012 3593 1043 3644 et
1063 3587 1170 3667 iustus,

252 3671 285 3724 ut
305 3665 441 3725 remittat
463 3663 551 3725 nobis
573 3672 703 3745 peeoeta
721 3672 834 3726 nostra.
881 3663 933 3725 sie
954 3667 1170 3732 eonfitentibus

266 3893 268 3906 Ι
288 3941 321 4008 l)
344 3941 372 3991 ln
396 3938 458 3994 edd.
479 3940 548 4009 orig.
568 3939 636 3992 hoec
656 3937 756 3992 verbs:
776 3936 851 3992 velut
868 3937 1063 4010 paralyticum,
1076 3938 1170 4012 legun·

254 4011 564 4080 turpostzvgoetlsmt·
597 4010 628 4070 2}
648 4011 678 4062 ln
706 4009 767 4063 edd.
794 4013 909 4082 origine
944 4013 1049 4066 Verum
1078 4015 1170 4067 temen

254 4086 331 4137 iuxta
349 4089 399 4137 est.
437 4083 468 4142 3)
489 4082 669 4136 Ιδὶἀμᾱωεω
686 4086 769 4136 enim.
804 4082 837 4146 t)
859 4084 926 4136 mid.
945 4084 1047 4137 deestr
1068 4086 1167 4153 lnquit.
