3075 4775
491 449 497 491 l

546 533 782 592 det-Sacramento
801 537 941 622 baptismi.
1039 595 1041 605 Ι
1123 517 1218 600 -409

380 719 512 782 Decimo
535 742 635 803 nono,
666 724 736 802 quia
758 729 860 784 autem
884 722 1053 804 baptismus
1077 739 1133 782 ceu
1155 720 1219 782 the·

299 823 406 864 saurus
429 805 551 884 quidam
573 808 691 886 gratiae
723 807 847 867 divinae
869 813 900 866 et
921 806 1143 866 consolationis
1164 803 1220 883 est,

299 887 369 948 ideo
393 908 521 968 magnas
549 889 769 970 deogratias,
801 888 922 950 laudem
952 909 989 948 ac
1011 890 1141 970 gloriam
1163 907 1219 968 pro

298 991 337 1031 eo
372 990 429 1031 nos
459 971 572 1033 debere
605 974 783 1034 sentiamus.
827 973 904 1033 Puto
928 975 1007 1032 enirn
1031 978 1155 1032 nostrae
1176 972 1220 1032 in-

298 1053 491 1134 gratitudinis
512 1057 593 1116 hanc
614 1057 707 1116 fuisse
718 1076 863 1136 poenam,
886 1056 968 1134 quod
990 1055 1045 1115 illo
1062 1055 1221 1134 superiore

298 1138 404 1198 seculo
438 1141 595 1200 excaecati
627 1159 753 1220 prorsus
785 1141 1029 1220 ignoraverimus
1060 1144 1161 1198 tantas
1188 1137 1219 1196 in

298 1222 451 1300 baptismo
481 1223 617 1302 sepultas
647 1243 733 1303 opes.
778 1223 853 1282 Cum
885 1223 965 1282 enim
999 1221 1151 1302 baptismo
1184 1238 1221 1279 ac

297 1305 397 1384 gratia
419 1324 475 1364 sua
496 1305 579 1366 Deus
601 1305 746 1366 mundum
764 1305 938 1383 obruisset,
968 1323 1025 1366 nos
1055 1311 1158 1364 tamen
1188 1303 1220 1362 in

299 1387 430 1447 molesta
453 1407 548 1468 opera
568 1389 720 1468 prolapsi,
754 1396 826 1468 post
846 1387 1060 1469 indulgentiis,
1086 1387 1221 1464 aliisque

298 1469 447 1531 similibus
476 1473 565 1552 nugis
588 1471 709 1551 decepti
743 1492 781 1531 ac
811 1471 929 1532 seducti
957 1489 1070 1531 sumus.
1113 1469 1221 1548 Neque

299 1555 382 1632 prius
404 1553 472 1614 Deo
501 1555 640 1615 volumus
663 1553 806 1631 credere,
849 1573 940 1634 qua-m
969 1555 1221 1614 satisfecissemus

298 1639 521 1716 propeccatis,
544 1638 671 1718 perinde
693 1646 786 1718 atque
809 1639 833 1698 si
856 1637 998 1698 venalem
1021 1637 1134 1698 nostris
1149 1653 1220 1716 ope-

297 1717 379 1779 ribus
402 1722 532 1799 gratiam
550 1723 764 1802 proposuisset
786 1722 879 1782 Deus.

381 1803 505 1876 Verum,
528 1806 578 1882 qui
600 1824 663 1865 non
688 1806 732 1863 sic
754 1805 856 1881 sentit,
880 1804 1059 1884 quodDeus
1082 1821 1139 1882 per
1155 1819 1222 1883 gra-

299 1886 371 1944 tiam
394 1896 574 1965 peccatores
597 1889 761 1968 suscipiat,
794 1888 904 1948 toleret
925 1905 963 1948 ac
985 1886 1100 1964 salvet,
1122 1900 1224 1962 neque

299 1967 361 2028 alia
384 1970 503 2030 ratione
534 1969 680 2030 iudicium
709 1971 766 2030 Dei
795 1989 889 2050 posse
916 1970 1059 2029 sustineri
1082 1989 1099 2027 a
1122 1967 1222 2045 nobis,

298 2071 388 2130 quam
418 2053 573 2130 praesidio
608 2052 742 2134 gratiae,
774 2055 800 2113 is
834 2073 934 2132 neque
962 2071 1085 2139 amare,
1119 2069 1220 2129 neque

297 2135 475 2212 praedicare
488 2135 585 2196 Deum
609 2156 741 2216 unquam
765 2139 888 2216 poterit,
910 2136 964 2196 sed
982 2141 1132 2216 perpetuo
1155 2141 1220 2194 tan-

299 2237 389 2296 quam
412 2218 597 2288 horrendum
620 2221 752 2280 iudicem
776 2222 966 2281 extimescet.
1008 2219 1043 2278 ln
1066 2218 1219 2298 baptismo

297 2308 400 2360 autem
424 2301 507 2362 Deus
530 2304 599 2363 talis
622 2303 831 2383 praedicatur,
855 2302 938 2382 quod
960 2321 1018 2363 nos
1039 2308 1220 2382 peccatores

297 2384 453 2464 suscipiat,
475 2387 565 2447 nobis
587 2396 703 2467 parcat,
725 2389 757 2446 in
781 2387 846 2447 dies
859 2389 957 2468 magis
980 2388 1127 2466 acmagis
1150 2404 1220 2465 pec

298 2473 436 2527 catorum
458 2469 602 2549 reliquias
625 2477 784 2551 expurget.
828 2470 875 2530 Ea
896 2489 964 2529 cum
988 2470 1074 2529 audit
1096 2488 1166 2543 cor,
1190 2474 1221 2528 et

297 2557 475 2611 constanter
497 2552 608 2630 credit,
641 2573 703 2614 non
732 2559 836 2634 potest
863 2572 925 2613 non
950 2552 1063 2632 gaudio
1087 2551 1219 2630 exsilire,

297 2652 400 2693 amare
423 2642 454 2694 et
474 2637 652 2715 praedicare
674 2637 782 2696 Deum.

379 2716 485 2777 Talem
509 2738 632 2799 quoque
654 2719 744 2780 nobis
766 2718 918 2798 propheta
937 2718 1034 2777 Deum
1059 2716 1218 2777 describit!

298 2798 383 2858 Sicut
403 2807 492 2879 pater
513 2804 613 2881 parcit
633 2802 718 2881 liliis,
746 2803 790 2861 ita
818 2820 876 2881 ego
899 2801 959 2860 illis
981 2818 1116 2880 parcam.
1160 2798 1218 2860 Re·

297 2883 425 2960 quiritur
450 2885 541 2964 igitur
572 2903 591 2944 a
618 2885 722 2963 nobis,
758 2888 791 2944 ut
821 2884 1029 2963 amplissimos
1056 2883 1219 2961 maiestati,

297 2984 376 3043 quae
404 2985 462 3025 nos
484 2967 616 3029 miseros
649 2988 686 3028 oc
718 2965 881 3028 damnatos
903 2986 1023 3027 vermes
1046 2971 1131 3026 tanta
1153 2986 1219 3047 gra-

296 3049 338 3107 tia
360 3066 398 3107 cc
420 3050 629 3112 misericordia
650 3052 855 3131 prosequitur,
877 3069 1004 3129 agamus
1027 3050 1159 3130 gratias,
1182 3062 1220 3108 a'c

297 3132 539 3193 misericordiam
560 3133 661 3213 illam,
685 3135 764 3193 sicut
786 3140 932 3211 meretur,
961 3151 1166 3213 agnoscamus
1189 3137 1220 3192 et

296 3212 518 3293 praedicemus.

383 3298 549 3377 Vigesimo,
572 3319 678 3360 verum
701 3299 872 3360 cavendum
896 3305 943 3360 est
963 3298 1027 3372 bio,
1050 3318 1089 3357 ne
1112 3317 1220 3358 secure

297 3381 421 3439 nimium
445 3400 587 3462 agamus,
627 3391 658 3443 et
687 3384 732 3443 sic
753 3384 938 3443 sentiamus:
976 3381 1006 3442 Si
1030 3387 1133 3441 tantus
1156 3380 1218 3441 the·

297 3482 404 3522 saurus
425 3465 543 3544 gratioe
575 3467 607 3525 in
630 3466 783 3546 baptismo
814 3472 861 3525 est
882 3466 1049 3545 repositus,
1082 3470 1115 3524 ut
1137 3465 1219 3525 Deus

296 3553 425 3624 peccata
446 3548 597 3627 imputare
625 3549 719 3628 nolit,
755 3556 786 3608 et
815 3550 839 3607 si
868 3550 970 3608 statim
998 3548 1128 3607 remissa
1150 3551 1221 3607 sunt

297 3636 425 3707 peccata
449 3630 476 3689 vi
499 3630 661 3711 baptismi,
691 3652 760 3691 cum
784 3651 841 3692 nos
865 3631 903 3690 ab
927 3632 969 3691 eis
991 3632 1219 3708 recesserimus,

297 3718 360 3771 tum
383 3731 508 3773 securus
532 3717 651 3790 omnia,
673 3722 707 3775 ut
729 3714 801 3773 mihi
825 3715 991 3794 placuerit,
1014 3733 1096 3774 nunc
1119 3731 1218 3793 agam.

296 3794 425 3854 Possum
449 3796 617 3876 aliquando
639 3804 721 3879 post,
745 3816 814 3857 cum
847 3796 1043 3858 commodum
1058 3794 1218 3872 videbitur,

296 3878 345 3937 vel
377 3879 469 3937 etiam
497 3880 528 3939 in
558 3884 667 3941 mortis
694 3880 831 3960 periculo
861 3880 1004 3960 baptismi
1032 3878 1218 3955 meminisse,

296 3966 328 4103 gt
359 3961 457 4021 Deum
491 3963 537 4023 sui
567 3982 766 4027 commonere
788 3963 938 4043 foederis,
972 3982 1010 4023 ac
1041 3960 1219 4023 satisfacere

317 4044 461 4125 aptismo.
