3075 4775
353 558 418 626 130
577 562 733 633 orspuaso
750 549 859 632 upra
876 561 968 617 sessu
987 578 1013 617 a.
1033 561 1093 617 ιιι

438 748 510 807 Dixi
532 748 626 826 enim,
647 749 679 808 iu
701 748 797 809 saeris
819 748 916 808 literis
936 746 1134 809 nitriihtberi
1151 746 1190 808 de
1213 754 1282 828 pur·

354 833 485 911 guterio,
507 831 579 892 ideo
600 850 664 891 uon
685 850 780 912 posse
802 850 855 892 ses
872 848 974 911 neque
996 832 1209 913 expositiones
1231 848 1280 891 en·

355 934 432 974 rum
441 914 483 973 ad
504 916 662 996 negotium
685 914 855 996 purgstorii
876 915 984 995 aptari.
1006 914 1155 975 Redditur
1176 919 1280 975 autem

354 1005 408 1057 aut
429 997 544 1058 bonum
566 998 679 1075 bonis,
714 994 900 1058 animalum
929 997 1018 1058 malis
1047 1004 1280 1079 postmortem.

354 1080 447 1140 Medii
469 1087 551 1160 sunt,
575 1083 627 1161 qui
647 1082 679 1141 in
692 1082 871 1162 purgatorio
894 1089 974 1161 sunt,
996 1080 1156 1161 dequibus
1179 1080 1281 1163 diotae

353 1165 536 1225 autoritates
560 1182 623 1225 non
645 1165 830 1245 loquuntur,
866 1164 977 1244 quibus
1006 1182 1106 1245 neque
1127 1163 1281 1225 redditum

354 1253 402 1306 est
421 1246 536 1308 bonurn
559 1266 660 1328 neque
681 1248 817 1313 malum.
853 1254 898 1309 et
915 1249 960 1308 sio
991 1250 1202 1329 purgatorium
1225 1264 1282 1328 per

353 1329 487 1391 modium
509 1333 705 1393 autoritatum
729 1348 853 1411 semper
872 1332 999 1393 transiit.
1065 1347 1068 1357 ·

744 1518 910 1610 Ennius.

380 1704 384 1715 ·
436 1668 527 1744 Quod
549 1684 583 1730 sa
604 1677 752 1749 excusat,
780 1669 906 1731 eredere
928 1688 962 1729 se
983 1674 1015 1729 et
1036 1670 1114 1730 soire
1135 1676 1281 1751 purgato·

352 1753 429 1812 rium
461 1770 546 1831 asse,
581 1752 661 1813 bene
683 1755 802 1833 aooipio
826 1757 857 1815 et
878 1754 962 1833 prius
984 1754 1066 1815 novi.
1110 1752 1172 1815 Sed
1195 1753 1281 1832 quod

353 1837 477 1915 uegnt
468 1855 500 1896 ιιι
521 1854 611 1897 saera
632 1836 790 1917 §sriptura
810 1836 1021 1917 purgatorium
1040 1834 1179 1915 probari,
1218 1836 1282 1897 hoo

353 1926 500 1999 tanquam
522 1919 631 1979 falsum
666 1927 699 1979 et
712 1921 933 2015 graeoanioum
954 1936 1090 1999 respuo,
1112 1920 1144 1979 in
1166 1938 1281 2000 propo-

353 2003 412 2063 sito
434 2020 579 2083 manens,
617 2020 792 2083 quanquam
819 1994 879 2066 r'1eo
912 2000 988 2063 iilud
1016 2020 1074 2063 neo
1097 2002 1159 2063 aiio
1180 2003 1279 2064 multo

353 2086 471 2146 maiora
491 2093 600 2147 oontm
620 2093 782 2166 protervos
805 2093 837 2147 et
857 2087 1030 2167 pertinaces
1051 2086 1197 2147 oonvuner
1208 2101 1281 2167 pos

271 2221 275 2228 .
353 2170 423 2245 sint,
445 2175 479 2228 ut
500 2168 539 2229 de
561 2169 637 2230 Ario
660 2176 691 2230 et
712 2169 780 2229 aliis
802 2169 952 2233 Patribus.
987 2168 1028 2229 At
1050 2169 1133 2249 quod
1154 2176 1282 2250 propre-

353 2271 406 2313 rea
437 2252 513 2312 iliud
542 2252 678 2332 dicatur,
711 2273 780 2314 non
797 2254 923 2334 reperiri
943 2254 974 2312 in
998 2252 1170 2333 Scriptura,
1204 2254 1281 2334 quia

353 2342 461 2397 eontra
481 2337 670 2416 pertinacem
692 2338 834 2398 eonvinoi
855 2351 918 2398 non
941 2336 1058 2416 possit,
1082 2343 1130 2397 est
1152 2337 1281 2398 omniuo

353 2420 579 2499 captiosumer
598 2421 743 2501 religioni
763 2427 890 2482 nostrae
912 2421 1086 2482 adversum.

435 2503 482 2563 De
505 2502 589 2563 libris
610 2502 879 2581 Machameum,
902 2509 980 2584 qnos
1002 2502 1077 2565 dicit
1098 2503 1199 2564 faeere
1221 2521 1280 2583 pro

316 2625 320 2637 .
350 2584 502 2665 fidelibus,
517 2586 578 2646 'sed
600 2605 664 2647 nou
681 2605 751 2648 esse
772 2589 803 2648 in
826 2605 962 2664 esnone,
985 2593 1016 2646 et
1036 2586 1114 2664 hoo,
1142 2587 1281 2666 inquam,

351 2668 461 2728 falsum
482 2677 550 2748 est,
573 2672 712 2750 quamvis
735 2671 818 2731 eninr
840 2670 922 2750 apud
943 2669 1113 2732 Ebraeos'
1104 2687 1134 2730 ιιι
1158 2689 1281 2730 aanone

294 2788 296 2791 -
350 2769 414 2812 non
435 2753 557 2830 inerint,
580 2762 682 2815 tamen
705 2755 840 2816 eeclesia
860 2755 980 2834 reoepit
995 2769 1049 2813 eos
1072 2754 1103 2812 iu
1117 2767 1281 2833 canonem,

349 2842 384 2895 ut
404 2833 495 2896 Pater
513 2837 639 2897 Domini
654 2837 752 2897 Putris
769 2839 970 2918 Augustinus,
991 2836 1071 2898 libr.
1093 2836 1132 2897 da
1155 2837 1282 2897 sirmate

351 2919 408 2979 Dei
415 2925 584 2998 ,testatum
606 2919 660 2989 lib
692 2918 1284 3002 8.et8.1ph01)1nsuisoeorans

350 3004 601 3064 constitutionem
622 3005 749 3083 inserit,
777 3020 838 3085 qua
871 3003 1004 3065 eeclesia
1037 3003 1131 3064 libros
1152 3001 1256 3064 ilios
1248 3023 1281 3064 ιιι

350 3103 504 3147 nunonem
526 3088 652 3166 recepit.

435 3168 525 3244 Quod
545 3172 577 3230 in
600 3189 657 3231 suo
671 3171 844 3251 proposito,
866 3171 1035 3251 persistere
1055 3169 1123 3230 vult
1138 3187 1284 3231 reveren·

350 3251 407 3312 dus
428 3252 520 3313 Pater
547 3251 683 3335 allegata
706 3273 764 3335 per
791 3273 841 3315 ma
869 3271 932 3315 non
954 3253 1057 3314 iaoere
1078 3252 1117 3312 ad
1139 3255 1280 3334 proposi-

351 3345 424 3414 turn,
446 3353 526 3414 qnae
547 3343 650 3398 tamen
673 3336 712 3398 de
733 3337 850 3399 direoto
873 3339 901 3397 ei
920 3337 1153 3398 contradantur.
1176 3335 1281 3398 Primo

351 3420 432 3480 enim
453 3419 536 3498 quod
547 3419 622 3481 dioit
639 3422 819 3482 autoritates
831 3419 900 3481 ilias
912 3422 1065 3500 respioere
1087 3419 1208 3480 eoelum
1230 3421 1282 3481 vei

350 3501 512 3580 infernum,
523 3523 585 3563 non
598 3506 692 3582 iuuat,
701 3505 774 3584 qnia
785 3504 824 3564 de
836 3503 953 3566 direoto
965 3503 1281 3564 iaoiuntmentionam

352 3585 393 3645 de
414 3592 494 3646 statu
505 3588 644 3648 merendi
657 3594 689 3648 et
711 3587 891 3648 demerendi
907 3594 938 3648 et
949 3587 1031 3646 huno
1044 3592 1155 3648 statum
1173 3585 1285 3648 deflui-

351 3676 405 3728 unt
419 3676 517 3730 morte
530 3672 696 3732 terminari.
700 3682 702 3687 ’
718 3670 835 3732 Contra
848 3670 1036 3732 reuerendus
1048 3669 1139 3730 Pater
1150 3669 1237 3730 nullo
1250 3669 1283 3734 S.

350 3753 517 3813 Doctore
507 3755 632 3814 innixus
654 3753 749 3814 audet
763 3754 925 3815 animabus
945 3772 966 3816 a
989 3769 1121 3834 corpore
1144 3754 1282 3814 existen·-

350 3835 465 3897 tibust
452 3839 615 3897 terminum
639 3837 777 3898 merendi
799 3856 988 3919 prorogare,
1026 3844 1058 3897 et
1079 3838 1190 3897 merito
1211 3840 1293 3917 pnr-'

350 3922 492 4000 guterii
483 3941 515 3980 ιιι
537 3921 630 3982 eoelo
654 3923 863 4002 remunerari,
902 3927 934 3982 et
961 3920 1136 4001 apostoliea
1166 3917 1286 3982 elamat

385 4093 418 4160 1)
437 4092 574 4148 boesoher
591 4097 687 4147 uotam
706 4092 820 4146 adierit:
856 4090 905 4146 Iro
926 4090 1116 4146 Oaruuttnsis'.
