3075 4775
343 514 406 579 356
561 513 656 567 Resol.
675 512 704 568 L.
723 528 808 583 super
825 512 1019 583 Propositious

343 700 418 759 deo:
450 698 518 758 'l'uo
542 698 654 777 laqueo
683 705 713 757 te
735 699 835 777 capio.
879 694 910 757 Si
943 697 1123 775 imperatori
1157 696 1267 756 tribuis

342 780 556 861 temporalium
581 782 719 841 omnium
732 787 928 861 potestatem,
953 798 1006 838 cur
1028 798 1103 859 ergo
1117 786 1170 838 lua
1191 788 1267 839 tem-

343 863 462 944 poralia
493 864 661 939 subtrahis,
699 870 730 922 et
760 882 822 923 non
846 864 892 923 vis
926 862 1071 922 subdita?
1114 861 1155 921 Et
1183 861 1269 940 quod

344 948 443 1007 maius
465 953 522 1023 est,
545 954 576 1006 et
597 945 821 1007 inaestimabile
836 953 1015 1009 monstrum.
1039 964 1091 1005 cur
1115 952 1147 1005 tu
1169 946 1266 1023 impe·

343 1032 397 1107 ria,
419 1049 524 1109 regna,
547 1029 684 1089 dominia
705 1037 802 1107 tenes,
817 1029 927 1105 aufers,
948 1028 1079 1105 confers,
1094 1027 1265 1087 transfers?

345 1113 473 1172 Carbia
496 1119 527 1173 te
547 1113 679 1172 misces?
721 1112 778 1172 Est
800 1113 860 1171 froc
881 1112 1058 1189 imperatori
1082 1110 1268 1191 temporalia

345 1196 530 1275 permittere,
552 1202 583 1255 et
604 1195 657 1254 tibi
682 1195 852 1274 spiritualia
873 1194 1017 1254 servare?

426 1276 506 1352 Quid
528 1278 578 1337 hie
599 1278 703 1337 dicent
724 1297 832 1338 omnes
855 1277 1080 1353 decretalistae,
1104 1278 1162 1335 nisi
1183 1277 1266 1355 quod

346 1368 407 1420 tam
431 1380 471 1420 ex
500 1361 600 1420 verbis
630 1380 721 1439 quam
756 1360 901 1440 operibus
935 1361 997 1419 suis
1027 1366 1268 1439 cognoscuntur,

349 1463 405 1502 ceu
427 1463 466 1503 ex
488 1444 568 1503 foliis
591 1449 622 1503 et
644 1443 801 1519 fructibus,
825 1462 859 1503 se
888 1444 1022 1519 nescire,
1045 1441 1116 1521 quid
1151 1443 1192 1501 sit
1218 1442 1268 1500 vel

347 1526 533 1606 temporale,
557 1526 605 1585 vel
628 1527 801 1606 spirituale,
824 1528 886 1586 imo
908 1527 1028 1585 amissis
1051 1524 1270 1604 spiritualibus,

347 1609 446 1669 solum
469 1609 653 1688 temporalia
669 1629 787 1688 amare,
810 1616 842 1669 ut
858 1609 1119 1689 praecellentiam,
1142 1607 1270 1686 opulen-

347 1694 437 1770 tiam,
465 1691 665 1769 voluptatem.
709 1692 740 1753 si
761 1694 860 1752 ,enim
887 1693 1054 1772 imperator
1083 1691 1211 1751 excellit
1239 1691 1270 1749 in

348 1775 578 1855 temporalibus,
601 1794 663 1835 non
687 1774 780 1835 debet
801 1796 840 1835 ea
856 1776 1019 1854 spiritualis
1034 1774 1174 1853 pontifex
1188 1793 1271 1832 usur-

349 1877 437 1937 pare,
471 1857 525 1917 sed
557 1857 678 1919 subdita
699 1858 743 1917 illi
765 1859 953 1936 relinquere,
989 1858 1130 1917 tributum
1165 1856 1205 1916 de
1225 1859 1270 1915 eis

348 1941 483 2021 pendere
504 1942 681 2021 imperatori
703 1948 736 2001 et
756 1941 900 2018 ducibus,
929 1960 967 2000 ac
986 1939 1175 2020 reipublicae
1197 1948 1270 1999 tem-

350 2025 447 2103 porali
471 2044 526 2103 per
547 2024 599 2084 illa
619 2025 743 2100 servire,
765 2026 886 2103 quoties
908 2024 1020 2083 suerint
1043 2024 1191 2103 requisiti.

432 2107 517 2167 licet
544 2127 606 2167 non
634 2107 816 2187 simpliciter
849 2107 962 2166 dictum
993 2106 1098 2166 fuerit:
1150 2104 1269 2167 Subditi

353 2197 462 2263 estote,
484 2190 539 2249 sed
561 2188 699 2249 additum
721 2191 791 2250 fuit:
818 2197 942 2271 propter
965 2190 1074 2249 Deum.

433 2271 513 2346 Quid
535 2273 619 2332 boc?
652 2273 700 2332 An
723 2274 832 2333 iterum
856 2272 1017 2333 consilium
1041 2272 1095 2332 fiet
1123 2292 1163 2331 ex
1185 2290 1270 2351 prae-

354 2362 459 2434 cepto:
491 2375 594 2416 annon
623 2356 803 2437 simpliciter
824 2375 958 2436 persona
990 2355 1143 2435 loquentis
1176 2358 1272 2415 atten-

351 2437 452 2498 denda
473 2439 542 2498 est?
573 2460 611 2498 an
641 2459 703 2500 non
733 2441 913 2521 simpliciter
946 2439 1085 2502 subditos
1115 2459 1189 2498 suos
1213 2438 1269 2497 Pe·

352 2520 454 2598 trus*)
479 2524 661 2601 provocavit
681 2523 720 2583 ad
740 2523 964 2584 humilitatem?
998 2523 1068 2584 Non
1091 2522 1271 2601 simpliciter

351 2606 517 2683 imperator
544 2607 705 2685 praecellit
729 2608 759 2666 in
788 2606 1028 2686 temporalibus?
1071 2605 1097 2666 Ο
1126 2607 1271 2665 miserum

352 2698 383 2748 et
404 2689 527 2748 anxium
552 2689 711 2770 effugium,
733 2691 796 2750 imo
819 2689 1015 2769 deploranda,
1030 2689 1168 2766 inscitia,
1192 2707 1271 2767 quae

354 2772 505 2849 nondum,
539 2773 611 2850 quid
639 2780 765 2852 propter
786 2773 883 2832 Deum
917 2774 1006 2852 velit,
1030 2773 1148 2852 accipit.
1192 2772 1273 2831 Petri
1388 2787 1389 2796 ¹

352 2873 460 2914 sensus
483 2854 593 2933 planus
615 2861 671 2933 est,
693 2857 850 2916 utstatim
876 2857 998 2935 seipse
1019 2856 1164 2934 exponit:
1192 2854 1273 2929 Quia

355 2936 488 3017 (inquit)
513 2939 557 2997 sic
577 2945 626 3002 est
647 2938 790 2998 voluntas
812 2940 885 3016 Dei,
912 2939 983 2999 ideo
1007 2939 1125 2998 scilicet
1145 2945 1274 3018 propter
1388 2995 1389 3014 ,

353 3020 450 3079 Deum
473 3019 562 3080 subdi
586 3020 715 3100 debere,
738 3040 801 3081 non
824 3023 896 3102 quia
916 3022 959 3082 illi
983 3027 1156 3082 mereantur
1179 3021 1272 3100 magi-

352 3110 479 3181 stratus,
512 3104 568 3164 sed
593 3105 664 3183 quia
694 3105 777 3164 Deus
804 3106 848 3165 ita
875 3105 980 3165 voluit.
1024 3106 1065 3166 At
1099 3104 1275 3164 decretator
1388 3103 1389 3158 Ῑ

351 3186 430 3246 forte
452 3193 582 3246 conatur
595 3188 656 3247 boc
676 3187 771 3248 verbo
794 3207 857 3248 non
879 3189 1084 3248 necessariam
1104 3205 1172 3248 esse
1202 3186 1275 3246 sub-

351 3270 517 3330 iectionem
541 3270 691 3330 eiusmodi
714 3269 842 3350 docere,
874 3273 961 3350 quasi
982 3272 1088 3331 Petrus
1117 3268 1274 3330 indebitos

354 3350 536 3427 obsecrarit,
571 3355 670 3412 meriti
692 3354 837 3416 videlicet
856 3354 1034 3414 humilitatis
1058 3373 1162 3414 causa.
1184 3387 1188 3398 ·
1207 3353 1274 3411 Vae

354 3433 424 3511 tibi,
458 3437 509 3515 qui
534 3436 660 3496 verbum
683 3437 740 3497 Dei
770 3437 1001 3498 saluberrimum
1034 3445 1097 3497 tam
1126 3436 1275 3496 sudaster

355 3521 533 3597 corrumpis,
555 3520 724 3580 miserrime
746 3521 927 3584 decretalor.

435 3599 501 3660 Nec
522 3621 596 3679 pure
619 3604 659 3663 sit
680 3606 842 3684 scriptum,
868 3605 945 3685 Regi
969 3604 1186 3684 praecellenti,
1220 3603 1275 3662 sed

355 3683 566 3762 interpositum
588 3685 659 3758 fuit,
688 3687 791 3747 forsan
813 3706 875 3749 non
900 3690 965 3748 siue
988 3706 1093 3762 causa,
1117 3694 1274 3766 tanquam.

437 3765 499 3826 Tot
521 3768 711 3828 mendacium
740 3778 811 3850 eget
839 3769 931 3847 lucis,
965 3778 998 3830 ut
1030 3789 1134 3830 verum
1166 3769 1275 3830 saltem

354 3847 502 3928 videatur,
521 3870 611 3929 quam
635 3853 744 3912 misere
766 3860 925 3932 torquetur
945 3855 994 3914 hio
1016 3854 1109 3934 fugax
1126 3860 1227 3931 autor,
1246 3859 1277 3912 ut

335 4083 338 4089 Ι
428 4018 630 4084 ¹)1Perr.2.
