3075 4775
361 538 425 607 182
568 541 725 609 Disputatio
743 541 852 609 lipsiae
871 542 967 595 habita
987 558 1012 595 a.
1032 540 1092 593 xiil

365 738 510 809 nonum,
531 729 751 810 Hieronymum
775 736 806 790 et
827 729 917 807 alico,
939 728 995 791 aed
1017 746 1087 791 eum
1110 730 1153 791 ite
1173 748 1291 811 propo-
1369 742 1370 747 ’

366 816 412 877 nit
439 815 529 875 nobie
558 814 711 875 Christus
756 814 839 892 quod
866 815 898 873 in
936 832 969 874 se
999 832 1166 875 conversus
1195 814 1292 875 dixit:

367 900 521 975 Quantum
544 897 724 958 mercenarii
761 899 793 959 iu
815 897 909 958 domo
932 899 1026 979 patris
1049 898 1108 957 mei
1130 898 1295 959 abundant

365 982 506 1065 panibuo,
529 1000 588 1062 ego
611 989 713 1041 autem
736 981 787 1040 lric
801 981 882 1041 farne
899 998 1005 1061 pereo,
1028 998 1160 1061 surgam,
1184 990 1217 1042 et
1238 982 1293 1043 ibo

366 1068 405 1127 ad
428 1073 546 1146 patrem
567 1082 689 1138 meum,
712 1071 743 1124 et
764 1064 866 1124 dicam
887 1065 948 1124 illi:
977 1065 1077 1139 Pater,
1107 1067 1240 1147 peccavi
1262 1068 1293 1125 in

366 1151 489 1212 ooelnm
511 1155 543 1209 et
563 1167 668 1209 coram
689 1156 721 1208 te
743 1155 803 1211 etc.
825 1148 1044 1209 HioDominue
1061 1148 1201 1209 Christus
1228 1168 1293 1210 mo-

364 1242 428 1295 tum
451 1233 638 1311 poenitentis
661 1231 858 1308 describens,
898 1234 1027 1312 exponit
1048 1233 1146 1311 primo
1169 1240 1293 1295 motum

365 1318 576 1398 poenitentem
593 1316 798 1411 praemiorum
812 1316 1032 1395 magnitudine,
1055 1315 1173 1376 seilicet
1194 1316 1294 1377 a'bun-

365 1401 441 1461 dant
462 1399 603 1479 panibus,
625 1407 657 1459 et
678 1400 789 1458 timore
811 1416 949 1478 poenae,
979 1400 1112 1474 scilicet,
1133 1399 1184 1459 hio
1207 1400 1294 1461 fame

365 1502 471 1565 pereo,
494 1482 603 1561 quibua
616 1482 760 1562 gradibus
779 1488 914 1559 evectus,
936 1484 1157 1563 poenitentiam
1179 1502 1292 1544 veram

363 1569 468 1647 coepit
490 1564 651 1644 meditari,
674 1566 802 1643 scilicet,
825 1571 856 1626 et
877 1566 995 1626 dicam:
1024 1566 1125 1645 Pater,
1147 1569 1292 1646 peccavi.

363 1651 404 1711 [it
424 1651 485 1709 hoc
507 1645 637 1709 Basilius
659 1650 822 1729 explanat:
795 1650 929 1709 tTree
964 1658 1034 1709 sunt
1062 1651 1104 1710 ibi
1127 1653 1292 1748 poeniten-

361 1735 426 1795 tiae
447 1732 579 1813 gradus,
604 1732 754 1793 mercedis
778 1750 867 1813 apes,
890 1733 1107 1830 suppliciorum
1124 1734 1238 1813 timor,
1263 1738 1293 1794 et

362 1818 509 1877 bonitatis
525 1818 678 1895 'paternae
695 1817 815 1876 sincera
829 1816 963 1877 dilectio
986 1814 1066 1877 Elt
1042 1836 1096 1893 ero,
1119 1823 1292 1915 antequem
1337 1855 1341 1867 ‚

363 1900 429 1960 liat
427 1901 554 1959 amicus
576 1900 648 1977 Dei,
666 1900 717 1979 qui
738 1900 886 1960 exstitit
877 1901 1028 1977 mimicus,
1053 1898 1182 1960 efficitur
1204 1903 1292 1981 prius

365 1997 481 2047 Servus.

447 2065 499 2127 Sic
520 2066 680 2126 lohannes
702 2067 819 2145 incepit
840 2084 859 2125 a
880 2066 1004 2126 timore:
1040 2066 1211 2146 Progenies
1241 2066 1292 2126 vel

363 2150 521 2229 genimina
556 2150 751 2229 viperarum,
796 2150 863 2231 quin
904 2150 1087 2209 monstravit
1123 2149 1214 2213 vobis
1249 2150 1291 2210 fu·

384 2232 462 2293 ere?
485 2238 544 2293 ete.
880 2270 884 2279 ·

363 2252 383 2312 g
446 2314 497 2376 Sic
518 2314 611 2375 etiam
632 2315 664 2375 in
689 2320 755 2376 toto
768 2321 870 2375 actum
894 2315 1049 2375 entreteri
1072 2316 1292 2395 instrumento,

364 2407 397 2460 ut
430 2401 540 2462 timore
561 2419 731 2478 poenarum
761 2399 801 2458 ad
824 2397 1047 2460 ’mandatorum
1078 2398 1290 2464 obedientiam

363 2483 504 2543 homiues
533 2483 745 2558 traherentur,
783 2488 818 2542 ut
850 2483 880 2541 in
916 2481 1100 2561 Legolibue,
1122 2482 1291 2562 Historiis,

364 2565 524 2646 Prophetis
553 2566 614 2627 hoc
635 2565 747 2644 ubique
769 2565 927 2644 reperitur.
971 2564 1110 2626 Sufficiat
1131 2564 1291 2626 adducere

363 2669 456 2709 unum
478 2649 596 2725 locum,
619 2648 699 2711 Paul
722 2649 779 2712 89:
812 2647 844 2709 si
866 2653 968 2709 autern
991 2647 1214 2745 dereliquerint
1236 2649 1290 2710 filii

364 2733 428 2794 eius
450 2733 549 2830 legem
573 2752 693 2812 meam,
723 2733 783 2791 et'
775 2752 806 2792 ιιι
827 2731 947 2792 iudiciis
969 2731 1046 2792 mein
1063 2751 1126 2792 non
1150 2718 1291 2793 ambula·

363 2817 476 2895 verint,
505 2819 530 2875 si
551 2817 682 2876 iustitias
705 2833 790 2876 meae
813 2815 1059 2912 profanaverint
1089 2821 1120 2876 et
1142 2816 1291 2877 mandata

362 2919 432 2960 mea
453 2919 516 2960 nou
540 2906 608 2962 cust
596 2899 762 2976 todierint,
798 2899 871 2958 niort
849 2898 962 2960 ''tabo
954 2919 985 2958 ru
1007 2899 1094 2979 virga
1108 2899 1289 2980 iniquitates

279 3051 283 3056 ,
362 3001 489 3062 eorum,
512 2984 596 3043 etin
618 2981 796 3042 verberibus
818 2987 947 3062 peccata
970 3001 1097 3060 eorum,
1120 3001 1190 3042 oum
1214 3001 1289 3043 oon-

363 3066 478 3126 eordan
481 3066 571 3127 tibus
616 3063 718 3140 Quare
757 3063 917 3146 praedicat
919 3084 988 3125 ores
1024 3028 1141 3125 seciam
1176 3065 1288 3126 imitati

363 3148 548 3247 Scriptorum
576 3149 648 3209 hact
636 3156 724 3208 tenue
754 3147 870 3208 bonurn
904 3147 1077 3209 habuerunt
1098 3141 1227 3210 modum
1251 3149 1290 3210 da

362 3234 532 3311 poenitent
523 3253 553 3293 ra
577 3229 725 3329 paranda,
747 3230 950 3312 recogitando
973 3233 1154 3312 gravitatem
1177 3252 1288 3314 pecca-

363 3321 472 3393 torum,
495 3317 612 3377 aeterni
636 3315 777 3395 supplicii
802 3321 859 3378 eto.

446 3397 575 3461 Accedit
596 3400 676 3462 ratio
702 3398 906 3494 Dionysiaca:
945 3395 1024 3472 Quia
1058 3399 1105 3459 sie
1123 3397 1208 3460 Deus
1237 3418 1287 3458 res

364 3480 574 3562 administrat,
544 3490 636 3543 tut
658 3482 719 3540 lina
741 3479 781 3540 ad
804 3479 962 3578 superiora
984 3500 1040 3578 per
1061 3477 1163 3542 media
1184 3479 1286 3541 ducat.

363 3564 465 3639 Quare
488 3584 557 3625 cum
578 3572 725 3644 peccator
747 3564 817 3624 sit
809 3583 840 3622 ιιι
855 3564 929 3644 ιιιιο,
952 3565 1082 3642 quinon
1105 3571 1152 3625 eet
1174 3564 1286 3661 dignus

362 3667 462 3729 pane,
485 3667 545 3726 quo
568 3651 666 3709 vescit
666 3669 719 3723 ur,
740 3647 851 3707 volens
873 3647 1042 3708 ascendere
1064 3645 1103 3707 ad
1126 3649 1287 3728 superiora

363 3733 491 3812 gratiae,
513 3732 575 3792 hoc
595 3729 688 3792 iaciat
676 3737 761 3811 tper
783 3729 917 3791 medium
938 3732 1066 3792 timoris.

444 3815 530 3875 Bene
551 3823 634 3876 esset
654 3813 862 3895 perfeetionis,
885 3812 968 3892 quod
991 3815 1130 3893 aliquia
1121 3833 1285 3875 rmmeraue

362 3897 427 3959 luto
449 3896 569 3979 peccati
591 3904 753 3998 possetne
784 3915 869 3958 mero
901 3895 956 3956 obt
944 3902 1009 3958 tntu
1031 3897 1206 3958 dilectionis
1227 3897 1284 3958 Dei

363 3988 394 4041 et
414 4002 520 4043 amore
541 3982 587 4041 iuo
589 3982 674 4041 titiae
696 3981 814 4060 erigere
836 3978 875 4039 ad
890 3999 946 4060 gra
948 3981 1021 4040 tiam
1044 3979 1284 4062 capessendam,

362 4064 418 4126 aed
439 4067 507 4146 quie
529 4071 578 4128 eet
598 4064 649 4126 hic
669 4069 702 4128 et
722 4062 915 4128 laudabimur
937 4063 1045 4126 eum?
