3075 4775
592 551 610 588 s
629 534 752 591 hlotariis
770 541 895 608 excepta
1151 533 1193 604 37

347 713 412 786 Sed
446 724 530 804 quod
561 723 748 802 reverendus
774 725 876 786 Pater
902 731 1064 806 tantopere
1098 746 1117 787 a
1143 745 1194 788 me

264 807 476 889 efflagitabat,
511 826 551 870 na
580 807 760 869 diverticula
782 826 979 887 quaererem,
1014 809 1096 889 qnod
1119 818 1192 871 nun*

265 910 358 972 quam
380 891 485 952 facere
508 911 574 952 sum
596 892 721 970 solitus,
751 893 852 972 ipsum
869 890 1028 957 Cononem
1052 893 1192 974 legimus,

264 974 425 1036 adducens
457 977 507 1039 93.
531 974 615 1054 dist,
649 994 699 1037 mc
728 974 769 1036 ad
795 974 857 1036 hoc
884 974 973 1037 ducit
998 975 1192 1057 procardum,

266 1056 349 1138 qnod
363 1057 490 1119 Domini
507 1057 695 1120 Canonistae
711 1057 954 1139 et'l'heologil),
977 1079 1016 1120 an
1033 1060 1193 1140 episcopa-

266 1149 313 1202 tus
337 1140 417 1204 ordo
446 1142 486 1202 sit
517 1143 642 1222 proprio
666 1140 844 1202 charactere
865 1143 996 1222 insignis
1018 1143 1192 1204 sacerdotio

266 1224 408 1304 additus,
442 1223 482 1285 de
516 1243 577 1304 quo
610 1226 641 1285 in
668 1226 845 1306 praesentia
870 1219 1192 1305 velut'impcrtinente

266 1307 343 1368 nihil
375 1306 521 1369 decerno.
574 1308 644 1369 Hoc
670 1313 774 1368 tamen
807 1308 892 1383 dico,
926 1326 1076 1389 apparere
1109 1308 1192 1385 mibi,
1261 1375 1264 1378 ,

266 1391 356 1452 salvo
380 1409 503 1470 semper
526 1391 644 1452 meliori
672 1390 802 1469 iudicio,
831 1410 895 1452 non
923 1391 1016 1451 talem
1043 1390 1137 1452 fuisse
1160 1392 1191 1452 in

266 1474 423 1555 primitiva
449 1473 583 1535 ecclesia
611 1473 841 1553 confusionom,
864 1481 898 1534 ut
919 1475 1083 1554 episcopus
1103 1494 1125 1534 a
1145 1494 1192 1534 sa·

266 1556 396 1618 cerdots
425 1575 488 1617 non
516 1565 726 1638 separaretur,
758 1575 826 1616 curn
865 1555 1027 1618 duodecim
1056 1557 1191 1636 apostoli

266 1640 466 1721 septuaginta
487 1639 565 1701 duos
588 1639 741 1701 excedant
764 1640 940 1720 discipulos.
984 1641 1017 1724 ln
1040 1642 1125 1728 cuius
1148 1639 1191 1700 rei

266 1724 480 1785 testimonium
509 1723 543 1784 B.
572 1721 667 1785 affero
696 1723 878 1804 Dionysium
900 1723 1091 1804 Hieronymo
1114 1724 1188 1784 anti·

265 1807 408 1886 quiorem
449 1811 480 1866 et
512 1807 684 1886 primitivae
718 1807 871 1868 ecclesiae
898 1805 1105 1883 hierarcham,
1140 1807 1191 1886 qui

266 1889 316 1951 lib.
358 1888 398 1949 de
431 1888 592 1950 Ecclesiae
618 1888 798 1951 Hierarchia
829 1891 909 1949 inter
931 1907 1047 1949 sacros·
1066 1887 1191 1950 ordines
1288 1935 1292 1943 .

267 1975 483 2054 episcopatum
517 1974 618 2052 ponit,
655 1977 686 2033 et
714 1975 889 2052 supremum
919 1969 1127 2050 hierarcham,
1161 1979 1193 2032 et

266 2075 327 2136 quo
351 2060 445 2137 paeto
466 2056 493 2116 is
515 2055 627 2116 debeat
643 2057 834 2134 consecrari,
863 2055 912 2115 cui
933 2057 1105 2116 assentiens
1127 2055 1191 2136 epi·

153 2143 154 2162 ¹
265 2158 381 2220 scopos
412 2137 451 2200 ab
480 2140 549 2218 ipso
578 2137 729 2203 ecclesiae
750 2139 839 2199 initio
862 2155 1026 2199 commune
1048 2137 1190 2199 sacerdo·

265 2224 340 2284 tium
365 2221 550 2284 excelluisse
573 2222 693 2302 opinor.

349 2304 456 2366 Tertio
485 2304 613 2366 adduxit
634 2303 799 2366 Oanonem'
820 2302 953 2364 Concilii
983 2303 1118 2364 Africani
1141 2307 1191 2368 99.

267 2388 369 2452 distin.
377 2385 406 2470 ²)
424 2407 489 2449 can.
510 2391 537 2451 1.
559 2388 619 2451 Ubi
641 2387 812 2450 Concilium
834 2385 997 2467 prohibet,
1021 2407 1079 2449 nec
1100 2388 1191 2449 Rom.

267 2470 449 2533 Pontificem
477 2470 590 2532 debere
612 2470 672 2532 dici
694 2471 917 2550 universalem,
946 2478 978 2531 et
1000 2470 1083 2551 quod
1106 2470 1190 2531 Obri-

267 2562 331 2615 stus
354 2555 417 2615 boc
438 2553 636 2635 prohibuerit,
657 2553 822 2617 Lucse22:
845 2554 947 2635 Reges
969 2555 1107 2634 gentium
1131 2562 1190 2617 etc.

266 2636 456 2719 Respondeo
499 2656 605 2698 verum
646 2656 731 2715 esse,
786 2636 957 2697 fastuosum
1011 2638 1192 2697 universalis

267 2720 409 2802 episcopi
431 2739 544 2781 nomen
568 2720 662 2781 inisse
682 2718 886 2800 prohibitum,
909 2738 973 2780 non
996 2719 1079 2800 qnod
1102 2720 1192 2781 Rom.

268 2804 417 2866 Pontifex
435 2821 569 2883 unquam
592 2822 611 2863 a
633 2822 707 2865 vero
730 2801 905 2863 Christiano
926 2801 1047 2863 habitus
1070 2803 1194 2862 sitnon

269 2889 384 2968 primus
417 2893 450 2947 et
477 2904 613 2947 summus
635 2884 798 2966 Pontifex,
835 2884 889 2947 sed
917 2882 999 2964 qnod
1029 2883 1194 2965 episcopus

268 2970 467 3052 peculiariter
500 2968 660 3029 Romanae
693 2968 844 3030 ecclesiae
880 2987 943 3029 non
981 2968 1021 3026 sit
1053 2968 1194 3047 proprius

269 3055 418 3134 cuiusque
434 3052 587 3113 ecclesiae
608 3053 784 3133 episcopus,
804 3051 1002 3132 sedprimus,
1026 3049 1108 3131 quod
1120 3050 1194 3110 alio·
1285 3062 1288 3067 ·

269 3138 341 3216 quin
374 3135 495 3197 debitus
525 3134 627 3196 bonor
655 3136 809 3216 episcopis
837 3132 1031 3196 inferioribus
1060 3153 1123 3195 non
1136 3134 1194 3208 ‚tri-

269 3220 423 3281 bueretur.
466 3218 580 3279 Verum
608 3217 682 3278 nihil
711 3219 847 3279 criminis
870 3218 965 3293 inest,
995 3217 1021 3276 si
1043 3218 1194 3298 quispiam

271 3302 359 3363 Rom.
391 3299 572 3362 Pontificem
604 3301 809 3362 universalem
842 3299 954 3361 dixerit
988 3319 1045 3380 pro
1085 3301 1195 3381 primo,

270 3385 382 3445 rectius
404 3403 478 3446 vero
504 3383 621 3444 dicotur
649 3403 712 3446 non
734 3386 898 3464 episcopus
919 3381 1116 3459 universalis,
1140 3381 1194 3443 sed

272 3466 453 3529 universalis
481 3466 635 3527 'ecclesiae
668 3469 849 3548 episcopus,
878 3465 974 3527 veluti
1007 3474 1055 3526 est
1084 3466 1197 3527 Christi

271 3552 412 3613 vicarius.
479 3548 570 3625 Quod
611 3550 763 3612 Dominus
809 3548 1004 3611 ambitiosam
1038 3549 1197 3629 redarguit

272 3634 484 3715 apostolorum
515 3635 761 3712 contentionem,
795 3633 893 3714 qualis
926 3632 1006 3693 inter
1038 3633 1195 3712 seculares
1235 3632 1252 3657 '

329 3839 357 3903 1)
379 3842 409 3891 ln
429 3837 491 3893 cod.
511 3837 591 3907 llSo,
615 3842 661 3907 qui
682 3838 836 3894 Loeschero
855 3845 968 3906 praesto
986 3845 1061 3904 erat,
1089 3838 1134 3889 hic
1152 3836 1197 3889 ad·
1227 3824 1230 3828 ’

379 3908 465 3963 ditum
490 3909 605 3980 legitur:
637 3915 929 3976 commentantur,
959 3915 987 3963 et
1010 3912 1040 3961 in
1071 3909 1197 3976 margine

380 3981 549 4052 adscriptum
569 3987 640 4038 crat:
660 3982 705 4035 alii
725 3986 961 4036 antevertant.

326 4053 359 4123 2)
382 4054 413 4107 lu
435 4052 469 4115 ed
487 4052 565 4111 deux
584 4052 619 4109 66
638 4052 701 4107 dist.
