3075 4775
344 575 407 641 488
630 573 783 627 hortatio
801 573 861 627 lob.
880 569 955 625 llccii
973 556 976 577 ¹

344 761 640 841 ‚Vuittembergensis
662 759 835 840 Philippus,
874 777 985 841 graece
1017 761 1048 820 et
1074 758 1169 819 latine
1192 777 1308 844 sane„

345 865 407 907 non
436 844 595 918 indoctus,
634 843 797 922 epistolam
830 843 939 922 edere,
972 863 1022 903 me
1054 842 1209 903 lacessere
1240 849 1271 904 et

344 929 483 1012 pluribus
512 927 688 989 nominibus
723 946 846 988 causam
875 948 937 989 non
968 945 1084 1002 meam,
1119 925 1174 988 sed
1196 925 1270 987 iidei

347 1013 530 1090 obscurare,
566 1017 598 1070 et
620 1010 753 1071 officium
784 1011 867 1090 quod
888 1013 923 1072 in
943 1009 1116 1072 Parisieuse
1139 1010 1270 1070 contuli-

345 1116 412 1159 mus
434 1093 585 1170 studium,
607 1093 663 1154 sibi
685 1114 841 1175 usurpare.
881 1095 937 1157 cui
959 1092 1036 1165 ull)
1061 1091 1269 1172 respondeam

345 1200 424 1260 opus
443 1186 499 1255 est,
521 1197 583 1239 non
596 1196 665 1238 mea
683 1177 806 1257 quidem
822 1198 925 1254 causa,
942 1177 996 1238 sed
1011 1175 1204 1256 simplicium,
1228 1196 1270 1236 ue

344 1263 469 1324 mellitis
490 1261 592 1322 verbis
614 1260 813 1336 seducantur,
849 1263 954 1322 autin
978 1279 1097 1320 errores
1120 1260 1269 1340 praecipi-

343 1353 454 1410 tentur.
497 1345 674 1405 Percurram
698 1350 800 1405 autem
823 1342 1007 1426 Epistolium
1034 1345 1115 1419 eius,
1137 1362 1193 1422 per
1215 1363 1269 1402 no-

344 1430 424 1490 tulas
448 1429 556 1489 obiter.
599 1427 669 1488 Non
692 1429 879 1508 gravabere,
909 1429 950 1488 mi
972 1427 1088 1500 leoior,
1115 1433 1147 1486 et
1167 1426 1269 1487 tantil-

344 1514 406 1573 lum
429 1513 577 1592 temporis
601 1512 645 1572 eis
668 1511 878 1589 ponderandis
901 1509 1055 1592 impende.
1383 1517 1385 1522 ’

437 1600 472 1663 il
503 1593 614 1656 Scribit
651 1593 829 1674 Philippus,
874 1615 924 1655 me
965 1599 1121 1655 causatum
1162 1611 1269 1652 coram

343 1679 539 1740 illustrissimi
577 1677 727 1757 Principis
759 1678 945 1760 designatis,
980 1675 1077 1738 videri
1117 1673 1191 1735 mibi
1230 1695 1269 1735 ex

344 1764 409 1823 iure
432 1761 651 1840 disputantium
675 1779 754 1837 esse,
776 1781 816 1822 ne
838 1760 1011 1822 dictaretur.
1055 1759 1088 1820 ln
1110 1755 1173 1819 hoc
1195 1757 1269 1818 mibi

343 1846 454 1907 falsum
484 1844 645 1917 abscribit,
678 1845 824 1924 quoniam
853 1844 943 1904 huius
965 1857 1119 1920 nunquam
1143 1843 1269 1901 memini

345 1927 428 2009 apud
452 1927 650 2008 designatos,
678 1947 800 2008 semper
822 1927 885 1988 dixi
908 1927 980 1988 mihi
1009 1945 1071 1985 non
1095 1923 1269 2004 displicere,

344 2019 378 2072 ut
398 2011 511 2072 notarii
534 2011 722 2090 exciperent.
766 2011 929 2087 Privatim,
956 2011 1074 2086 fateor,
1098 2007 1176 2085 dixi,
1207 2009 1270 2068 lan·

344 2113 492 2176 gnoscere
514 2094 649 2154 animum
672 2093 858 2174 disputantis
880 2113 967 2155 mora
989 2091 1077 2172 styli,
1115 2098 1147 2152 et
1169 2092 1269 2151 aciem

344 2178 454 2238 mentis
482 2197 544 2236 nou
568 2176 647 2238 adeo
670 2178 793 2246 conari,
827 2178 905 2238 sicut
926 2176 1144 2254 disputationis
1165 2175 1270 2236 fervor

344 2262 499 2340 exigeret,
521 2265 616 2318 testes
639 2266 710 2320 sunt
724 2258 876 2340 designati
899 2259 938 2321 ab
962 2259 1168 2319 illustrissimo
1182 2257 1269 2317 Duce

344 2347 375 2402 et
396 2342 491 2405 totius
510 2341 726 2404 Universitatis
748 2342 918 2407 consilium.

408 2426 463 2501 ‚2l
490 2425 536 2486 De
562 2425 661 2487 libero
684 2425 810 2487 arbitrio
833 2429 875 2488 ait
907 2427 1121 2507 propositum,
1156 2444 1195 2484 an
1232 2425 1270 2485 de

345 2528 484 2590 congruo
507 2528 698 2570 emereamur
719 2511 859 2591 gratiam.
893 2510 1042 2571 Hooeum
1065 2510 1115 2588 agi
1131 2506 1270 2580 deberet,

342 2594 485 2673 impingit
505 2593 599 2668 mihi,
635 2592 792 2670 quomodo
816 2592 854 2653 ad
878 2594 969 2653 aliam
993 2592 1151 2652 materiam
1174 2590 1269 2670 plane

343 2676 474 2737 alienam
503 2675 541 2736 ab
570 2676 709 2737 instituto
733 2675 914 2737 Garlestadii
944 2696 1012 2735 eum
1036 2674 1197 2747 traxerim,
1228 2694 1268 2734 an

344 2759 464 2819 scilicet
484 2758 553 2819 sola
574 2761 673 2839 gratia
693 2758 807 2819 efficiat
829 2759 945 2820 bonum
968 2758 1069 2839 opus?
1092 2756 1190 2831 Quam
1216 2776 1269 2817 au·

343 2850 403 2903 tem
426 2840 622 2922 impudenter
642 2842 703 2902 hoc
721 2842 831 2915 iaciat,
861 2841 988 2903 cuilibet
1010 2849 1057 2901 est
1080 2838 1203 2899 obvium
1227 2839 1268 2900 le-

342 2926 427 3005 genti
463 2924 694 2985 conclusionem
739 2944 838 2985 meam
881 2926 1075 3005 septimam·
1098 2922 1187 2983 Errat
1216 2924 1268 3001 qui

342 3007 470 3068 liberum
493 3006 648 3069 arbitrium
680 3007 814 3068 hominis
843 3015 936 3088 negat
964 3006 1122 3068 dominum
1143 3013 1266 3068 actuum

342 3090 493 3166 hominis,
525 3110 564 3151 ex
587 3110 647 3160 eo,
680 3093 752 3169 quia
774 3093 874 3171 ipsum
896 3090 1011 3152 habeat
1032 3109 1066 3150 se
1094 3090 1195 3149 active
1227 3088 1266 3149 ad

340 3173 470 3246 malum,
505 3172 544 3233 ad
571 3174 686 3234 bonum
709 3192 783 3237 vero
817 3180 932 3234 tanturn
956 3174 1093 3254 passive:
1129 3179 1161 3233 et
1181 3171 1268 3233 nulla

334 3256 504 3332 ,concluoio
532 3258 635 3317 sonuit
666 3256 705 3317 de
738 3258 847 3319 merito
871 3258 1007 3337 congrui.
1053 3254 1131 3330 Quid
1162 3261 1266 3316 autem

341 3338 429 3400 fieret
462 3340 501 3399 de
529 3339 655 3400 homine
683 3340 816 3400 faciente
840 3339 922 3419 quod
944 3342 974 3399 in
999 3359 1033 3399 se
1055 3345 1117 3416 est,
1153 3339 1184 3397 in
1205 3335 1268 3398 fine

342 3424 428 3499 quasi
452 3422 685 3501 disputavimus.

427 3506 602 3567 Audaculus
632 3513 756 3584 tamen,
789 3508 868 3566 sicut
896 3525 959 3567 non
989 3512 1037 3565 est
1057 3504 1207 3564 reveritus
1228 3504 1267 3564 D.

281 3642 286 3649 .
341 3586 504 3647 &usurum
525 3588 661 3649 iudicare
683 3590 713 3648 in
737 3590 810 3650 novi
833 3588 1023 3649 Testamenti
1047 3587 1201 3663 editione,
1223 3586 1269 3647 ita

341 3676 373 3729 et
394 3670 444 3731 hic
465 3670 575 3731 iudicis
598 3680 701 3749 partes
723 3673 866 3749 assumit,
890 3670 1039 3733 deliniens
1063 3670 1186 3731 stetisse
1208 3668 1268 3729 sal-

342 3770 410 3813 vam
444 3754 637 3815 Oarlestedio
674 3756 868 3817 seutentiam.
919 3754 988 3816 Hoc
1020 3756 1102 3830 scio,
1142 3753 1268 3814 demum

341 3837 503 3897 admisisse
523 3836 760 3901 Garlestadium,
777 3838 967 3899 voluntatem
989 3837 1105 3899 habere
1127 3836 1283 3897 activita'

340 3927 401 3981 tem
424 3920 463 3981 ad
484 3920 599 3981 bonum
624 3939 711 4000 opus.
749 3922 791 3982 At
812 3940 871 4003 ego
888 3921 964 3981 nihil
981 3919 1128 3996 decerno,
1147 3920 1267 3981 'etenim

415 4107 447 4177 1)
467 4107 499 4161 In
519 4108 563 4163 ed.
576 4110 690 4179 origia:
708 4109 752 4181 id3
769 4112 799 4163 in
817 4109 859 4163 ad.
871 4110 931 4165 den.
949 4114 977 4163 et
994 4108 1068 4179 apud
1081 4107 1209 4162 lucescit:
1227 4111 1267 4161 ut.
