3075 4775
456 560 519 611 suis
539 558 647 625 Lipsiae
665 556 812 627 disputetis
832 574 859 611 a.
881 533 954 641 31¹.
1096 551 1159 619 251

246 764 324 825 quae
346 746 373 805 si
396 742 475 807 talea
493 746 748 819 inventatuerint,
771 745 893 827 quidad
914 746 990 807 me?
1011 747 1059 807 sin
1080 764 1163 821 vers,

244 849 295 888 eur
317 848 381 889 nou
403 830 535 909 sequar?
557 830 657 910 Meum
680 837 737 907 est,
758 837 793 891 ut
813 830 887 909 dixi,
911 836 1020 890 eontra
1041 848 1164 890 omnem

245 912 485 991 voeabulorum,
509 914 682 990 titulomm,
703 915 854 991 nominis,
882 913 1039 994 dignitatis
1061 913 1166 991 strepi·

219 1004 325 1071 -tum,
356 1015 463 1057 verum
494 996 612 1071 disere,
641 1003 672 1057 et
699 997 808 1057 falsum
837 1016 961 1075 negare.
1006 995 1058 1057 sio
1085 997 1166 1056 enim

245 1080 422 1140 Christiano
443 1079 615 1140 faciendum
639 1098 708 1141 esse
731 1080 833 1140 eredo.
876 1080 918 1139 Et
937 1099 1033 1161 rogo,
1055 1080 1080 1139 si
1101 1098 1164 1139 uon

244 1162 357 1243 placeo
380 1164 506 1223 nomine
529 1163 709 1242 Christiani,
736 1162 854 1244 fingant
876 1170 908 1226 et
928 1164 1032 1224 sinaut
1052 1182 1102 1223 me
1123 1163 1164 1221 in-

243 1246 330 1307 terim
355 1246 441 1306 vetut
460 1246 610 1323 Turtam,
633 1254 686 1307 aut
707 1248 846 1327 quemvis
866 1246 1022 1307 infidelem
1045 1246 1090 1305 eis
1111 1264 1165 1325 op·
1239 1249 1242 1262 ’

243 1348 362 1408 ponere
391 1348 475 1389 meas
502 1331 637 1390 rationes
666 1337 698 1390 et
719 1332 915 1408 autoritates,
937 1337 971 1390 ut
992 1329 1100 1389 saltem
1123 1328 1167 1387 sie

244 1412 371 1473 videant
397 1418 428 1471 et
457 1414 669 1492 experiantur,
701 1432 763 1492 quo
795 1413 897 1474 studio
927 1414 1048 1493 possint
1073 1411 1166 1471 tidem

243 1515 330 1555 suem
360 1495 453 1571 tueri,
489 1501 520 1556 et
547 1516 639 1575 quam
665 1496 755 1556 facile
778 1499 816 1557 sit
842 1497 959 1557 disere:
995 1494 1166 1556 Concilium

243 1580 286 1638 sie
320 1577 554 1657 determinavit,
589 1586 620 1641 et
641 1598 731 1659 quam
753 1579 920 1658 diffieile¹)
943 1580 984 1641 sit
1012 1578 1044 1638 id
1065 1580 1164 1659 ipsum

244 1662 323 1723 hene
347 1660 585 1722 determinatum
604 1682 674 1723 esee
695 1664 784 1725 tueri.
843 1700 846 1706 ·

161 1798 163 1809 .
327 1744 407 1805 Dino
431 1764 515 1825 ergo,
540 1746 624 1825 quod
640 1747 699 1807 iste
710 1747 856 1806 artieulus
879 1748 918 1807 sit
940 1746 1021 1806 rnele
1042 1744 1168 1805 damus-

161 1850 163 1861 *
245 1835 290 1888 tus
305 1828 523 1889 Constantine:
547 1829 654 1890 Omnis
676 1835 763 1890 aetus
776 1830 910 1890 hominis
925 1838 978 1889 aut
1001 1835 1049 1889 est
1069 1828 1169 1888 bonus

244 1918 296 1971 aut
319 1909 436 1987 malus3
457 1930 494 1971 ae
515 1912 718 1992 respoudeat,
747 1916 797 1991 qui
820 1933 855 1973 se
876 1918 964 1992 putet
986 1911 1168 1971 determina·

245 1996 364 2055 tionem
385 1994 470 2053 illam
493 1994 669 2059 defendere.

327 2077 460 2136 Primum
492 2077 566 2138 dicit
598 2079 757 2157 apostolus
781 2080 869 2141 Rom.
892 2081 926 2142 8:
962 2077 1021 2153 Qui
1056 2077 1163 2156 spiritu

161 2224 163 2235 ,
247 2160 303 2220 Dei
328 2166 477 2240 aguntur,
514 2160 584 2237 hi2)
609 2162 662 2221 filii
683 2162 741 2221 Dei
771 2170 850 2222 sunt.
894 2162 985 2221 ltem:
1017 2158 1107 2234 Quod
1139 2161 1163 2218 si

244 2244 310 2322 quis
335 2244 474 2322 spiritum
499 2242 611 2305 Christi
633 2264 696 2305 non
718 2245 829 2322 habet,
861 2245 913 2304 hie
933 2264 998 2304 uon
1021 2244 1165 2304 esteius.
1231 2282 1239 2293 x

242 2326 298 2388 Hie
320 2344 448 2406 quaero,
471 2329 556 2388 euius
578 2328 619 2389 sit
628 2328 689 2407 ille,
713 2330 846 2408 quinon
865 2334 915 2389 est
928 2327 1059 2390 Christi?
1080 2326 1164 2388 Nou·

161 2421 162 2424 ’
243 2431 279 2471 ne
303 2409 475 2471 diaboliet
463 2412 635 2491 tpeeeati?
671 2413 712 2472 At
750 2415 800 2491 qui
830 2433 937 2473 servus
960 2419 1007 2472 est
1030 2412 1161 2494 peeeati,

244 2495 317 2554 faeit
340 2511 401 2554 uon
425 2494 482 2554 nisi
504 2502 676 2574 pensatum
1112 2531 1117 2549 ι

325 2575 492 2664 Secundo„
501 2577 576 2637 dieit
593 2578 675 2638 idem
687 2577 756 2640 Gal
779 2582 813 2642 3·
837 2577 1019 2656 Quicunque
1035 2595 1074 2635 ex
1092 2593 1164 2654 ope·

162 2723 163 2740 ,
245 2660 327 2720 ribus
350 2627 521 2740 legissuut,
543 2660 599 2721 sub
614 2661 760 2722 malediet
747 2667 780 2721 to
794 2668 874 2720 sunt
895 2659 989 2737 Esse,
1010 2659 1062 2718 hro
1070 2677 1166 2736 opera

246 2743 323 2823 legis
345 2748 435 2802 extra
456 2745 586 2823 gretiam
607 2744 681 2806 dieit
703 2764 772 2806 esse
784 2742 957 2803 maledieta
998 2741 1096 2838 Ergo·
1100 2759 1164 2799 non

245 2831 362 2886 neutra.
405 2825 446 2884 Et
466 2826 554 2886 dieit:
591 2826 790 2906 Quicunque,
818 2827 973 2886 nemiuem
996 2824 1165 2902 excipiens,

246 2928 302 2968 nee
325 2908 451 2986 aliquod
474 2909 608 2970 medium
644 2913 723 2972 inter
757 2906 952 2969 maledictum
982 2914 1014 2967 et
1034 2907 1164 2988 gratiam

244 2991 479 3052 fastuosum
509 2993 607 3069 valet,
640 2993 721 3072 quod
754 2993 929 3072 apostolum
961 2991 1013 3050 hie
1032 2989 1071 3050 de
1093 2989 1165 3068 lege

244 3074 440 3136 ceremoniali
450 3075 537 3155 ioqui
549 3076 653 3138 dieunt
654 3076 803 3156 ,quodea
814 3083 888 3136 tune
899 3074 1054 3135 mortifera
1065 3071 1165 3131 fuerit·

243 3157 319 3218 Nam
344 3176 384 3218 ex
407 3159 604 3236 sequentibus
627 3167 721 3240 patet,
743 3159 829 3238 quod
851 3158 892 3220 de
902 3175 1038 3219 nmmum
1060 3156 1164 3234 legum

244 3239 389 3318 operibus
414 3241 562 3338 loquitur,
600 3261 668 3302 oum
702 3242 829 3302 inducat
849 3243 957 3304 Mosen
993 3239 1163 3300 dieentem·

244 3323 440 3401 Malediotus,
473 3326 523 3420 qui
557 3345 619 3386 nou
654 3327 842 3405 permanet
834 3345 865 3384 m
890 3323 1048 3393 omnibus
1082 3340 1164 3400 quae

244 3408 358 3486 scripta
380 3409 501 3468 suntin
525 3407 605 3468 libro
627 3408 713 3488 legis.
756 3408 876 3469 Deinde
898 3407 986 3481 dieit,
1010 3405 1164 3488 Christum

243 3509 297 3552 nos
324 3489 494 3550 redemisse
537 3491 574 3551 de
603 3491 766 3554 maledieto
812 3492 900 3572 legis
944 3489 985 3548 At
1025 3477 1164 3550 Christus

246 3591 316 3633 vere
343 3591 402 3634 uos
431 3593 492 3633 nou
526 3573 657 3634 redemit
682 3573 721 3635 de
755 3575 824 3654 lege
859 3572 1056 3633 ceremoniali
1091 3578 1164 3649 post

246 3663 374 3717 mortem
398 3675 462 3716 erus
474 3656 633 3736 abrogata
656 3657 710 3717 sed
724 3657 764 3717 de
776 3657 846 3736 lege
868 3673 1062 3734 quacunque,
1085 3654 1163 3714 dans

245 3741 382 3816 gratiam,
408 3745 441 3798 ut
462 3741 560 3818 possit
581 3741 709 3820 impleri.
739 3740 772 3801 Si
795 3757 870 3820 ergo
894 3739 998 3800 omnia
1023 3739 1075 3818 (ut
1062 3738 1161 3797 t·Mo

249 3839 279 3882 se
301 3822 384 3895 dieit,
406 3827 529 3884 autores
550 3820 663 3902 Penio)
690 3841 787 3904 opera
808 3823 886 3903 legis
907 3827 979 3883 sunt
999 3819 1164 3883 maledieta

283 4080 310 4144 1)
328 4079 361 4134 Iu
380 4080 444 4137 edd.
464 4082 550 4150 origo
569 4081 658 4134 facile.
695 4080 728 4142 2)
749 4079 833 4133 lbid.:
851 4079 894 4134 ii.
