3075 4775
1084 304 1138 310 ..-.

459 559 517 610 suis
538 558 645 626 Lipsiae
653 551 811 627 ·'disputatis
829 572 854 611 a.
873 556 944 612 m.
1111 545 1175 621 233
1205 500 1218 520 ‘

256 766 320 807 cum
342 745 513 825 Thqmistis
536 746 599 807 suis
620 753 800 809 constanter
819 753 962 828 negaret,
984 745 1174 826 antiquiores

255 829 411 905 Altisiod.‚
434 830 593 891 Bouaven.
617 838 647 890 et
667 832 774 893 nescio
788 850 866 910 qnos
887 837 1010 891 autores
1020 830 1172 911 'allegans

256 912 354 974 (iredo
380 920 506 990 autem,
542 913 625 993 quod
655 914 732 975 hoec
759 934 835 975 suac
855 914 972 974 ianuae
997 912 1173 975 hominibus
1261 959 1263 966 ,
1338 934 1344 943 ·

256 994 386 1077 magnae
411 998 493 1057 cruci
514 997 639 1072 tuerint,
669 999 726 1059 etsi
747 1000 841 1058 risum
863 998 1031 1057 miserrime
1053 995 1194 1056 simula·

254 1087 328 1150 rent,
353 1098 422 1139 cum
446 1079 554 1140 ducem
567 1098 664 1151 suum,
686 1088 747 1142 tam
770 1082 890 1142 fortiter
909 1098 1088 1160 eggressum
1112 1099 1174 1139 cer-

255 1172 369 1234 tamen,
392 1162 506 1223 relictis
529 1166 634 1245 signis,
656 1170 904 1225 moxsenserunt
926 1160 942 1238 s
945 1165 970 1224 si
982 1169 1084 1223 tamen
1107 1182 1175 1223 sen·

247 1250 377 1318 ‚semoti
404 1245 593 1308 desertorem
616 1248 768 1311 exercitus
790 1255 821 1308 et
841 1248 1029 1327 transfugam
1050 1246 1175 1308 facturn.

254 1330 331 1390 Nam
355 1329 386 1389 id
402 1328 621 1391 Garolostadin
634 1332 707 1392 satis
731 1338 805 1406 erat,
828 1332 1080 1393 scholasticorum
1103 1328 1176 1388 doc·
1243 1394 1247 1403 ¹

255 1421 354 1473 torum
388 1419 449 1472 tres
484 1413 668 1474 celebriores
702 1421 804 1475 sectas
823 1415 918 1475 fuisse
946 1412 985 1475 ab
1007 1413 1103 1473 Eccio
1126 1430 1176 1472 ea·

254 1494 321 1556 dem
345 1496 424 1557 hora
446 1503 589 1577 negatas,
619 1516 695 1575 quaa
723 1498 780 1558 nisi
803 1504 964 1579 negasset,
992 1494 1175 1576 Pelagianos
1200 1552 1210 1567 χ

253 1578 476 1660 ingolstadium
499 1598 676 1641 reversurus
689 1589 762 1642 erat.
786 1581 909 1642 Certum
932 1586 980 1642 est
995 1581 1088 1654 enim,
1110 1578 1174 1638 Mn·

166 1720 172 1729 ,
254 1662 368 1722 dernos
397 1666 453 1741 (qu
479 1682 492 1721 s
514 1667 645 1733 nocant)
678 1682 746 1725 cum
771 1664 912 1726 Scotistis
946 1670 977 1727 et
1007 1662 1174 1723 'Phomistis

254 1747 282 1803 in
305 1746 423 1805 haere
446 1682 495 1825 dd
518 1754 574 1818 est,
596 1746 692 1808 libero
716 1747 842 1809 arbitrio
865 1755 896 1809 et
906 1748 1020 1829 gratia)
1046 1764 1174 1806 consen·

203 1868 207 1879 ·
255 1830 309 1889 tire
326 1836 461 1909 excepto
485 1849 546 1890 uno
564 1829 716 1911 Gregorio
728 1830 923 1900 Ariminensi,
946 1849 1037 1909 quem
1066 1847 1175 1889 omnes

254 1910 411 1985 damnent
436 1914 486 1991 qui
507 1914 626 1993 etipse
649 1932 703 1975 eos
716 1914 891 1994 Pelagianis
903 1912 1071 1974 deteriores
1094 1930 1173 1989 esse,

254 2002 284 2054 et
303 2002 391 2055 recte
414 1995 622 2056 etefflcaciter
642 1998 809 2058 convincit.
831 1996 859 2057 ls
882 1998 962 2057 euim
986 1995 1071 2056 solus
1095 1995 1175 2054 inter

246 2077 477 2153 'Scholasticoa
500 2086 608 2140 contra
627 2099 734 2142 omnes
752 2080 962 2141 scholasticos
973 2078 1173 2152 recentiores,

253 2180 321 2221 cum
346 2160 520 2241 Augustino
535 2158 567 2241 ¹)
591 2169 622 2223 et
644 2163 798 2242 Apostoio
822 2164 919 2225 Paulo
941 2162 1103 2223 consentit

318 2243 400 2303 Nam
414 2244 580 2324 Pelagiani
604 2247 660 2306 etsi
676 2248 743 2307 sine
765 2248 864 2322 gratia
884 2267 962 2326 opus
976 2246 1091 2307 bonum
1106 2243 1172 2304 fieri

204 2356 206 2365 ν
254 2346 348 2406 posse
360 2334 565 2404 asseruerunt,
579 2336 753 2392 nontamen
768 2332 835 2391 sine
848 2332 947 2409 gratia
960 2328 1082 2392 coelum
1097 2326 1174 2389 obti-

252 2412 316 2470 neri
330 2410 483 2473 dixcrunt.
504 2412 580 2472 Item
592 2419 675 2474 certe
691 2413 797 2474 dicunt
808 2413 1002 2477 scholastici,
1017 2412 1089 2473 dum
1107 2413 1173 2471 sine

253 2495 352 2574 gratia
370 2513 447 2573 opus
461 2493 587 2569 bonnm,
610 2497 743 2558 sednon
762 2497 950 2594 meritorium
966 2495 1031 2556 fleri
1048 2495 1172 2556 docent.

253 2576 375 2638 Deinde
398 2597 490 2657 super
512 2577 850 2658 Pelagianos'addunt,
873 2580 1029 2640 hominem
1058 2576 1174 2638 habere

226 2721 237 2742 ⁰
254 2658 408 2720 dictamen
423 2660 561 2722 naturale
573 2669 677 2723 recise
689 2664 827 2736 rationis,
841 2664 889 2722 cui
905 2682 939 2722 se
948 2662 1173 2741 possituatura-

255 2742 323 2803 liter
335 2743 567 2818 conformarem
592 2746 748 2823 voluntas,
772 2745 992 2823 ubiPeiagiani
1015 2743 1171 2804 hominem

254 2824 392 2886 adiuvari
413 2845 468 2906 per
491 2826 590 2907 legem
614 2829 671 2889 Dei
694 2827 847 2888 dixerunt.
889 2827 956 2888 Nec
977 2826 1057 2886 hanc
1078 2830 1172 2883 meta·
1255 2893 1260 2901 Ι

255 2908 433 2988 morphosin
445 2909 580 2971 Ecciano
603 2913 727 2992 ingenio
743 2912 876 2972 alienam
894 2911 1061 2985 existimes,
1083 2907 1171 2966 estin
1278 2923 1289 2948 0

254 3009 290 3050 es
312 2993 567 3070 promptissimus.
610 2994 687 3055 Nam
709 2995 769 3055 hac
790 2994 841 3054 die
862 2993 984 3072 quidem
1008 3011 1075 3051 cum
1098 2987 1173 3050 Gre-

253 3075 340 3153 gorio
368 3070 419 3156 (ut
441 3073 523 3150 diui)
546 3078 643 3137 sensit
664 3085 695 3138 et
703 3076 929 3148 Gerolostadio,
950 3093 1053 3136 mrsua
1073 3072 1174 3133 nitere

254 3175 373 3216 mecum
396 3175 590 3238 congressus,
613 3159 744 3220 eundem
768 3160 841 3220 mihi
862 3158 1046 3240 Gregorium
1067 3157 1098 3216 in
1123 3173 1173 3216 ea-

253 3238 321 3299 dem
346 3241 438 3300 etiam
462 3242 589 3302 materia
612 3244 745 3322 negavit,
766 3251 894 3323 propter
914 3240 1073 3303 articulum
1095 3237 1171 3298 Hus

253 3323 374 3382 siticum
388 3321 535 3386 constan.
559 3323 699 3385 Concilio
722 3326 908 3388 damnatum.
929 3328 978 3385 ‘tta
999 3341 1071 3384 vere
1093 3323 1173 3382 miri·

252 3403 326 3464 ficus
357 3412 423 3482 est,
453 3412 484 3466 et
513 3408 561 3467 cni
583 3427 647 3468 non
670 3407 796 3470 viderim
828 3410 974 3472 similem,
1002 3406 1173 3484 disputator

252 3488 379 3563 lisoius,
408 3488 489 3567 apud
513 3508 601 3568 quem
625 3491 700 3552 nihii
727 3493 767 3552 sit
787 3492 838 3552 val
865 3489 989 3572 periculi
1021 3489 1068 3550 vel
1095 3488 1171 3563 vitii,

251 3569 393 3652 Gregorii
415 3571 583 3633 Ariminen.
607 3576 791 3636 sententiam
816 3593 883 3634 cnm
905 3574 941 3635 D.
957 3569 1171 3634 carolostadio

251 3661 357 3718 contra
379 3654 719 3718 omuesvflchclasticos
748 3663 936 3737 pugnantem
968 3675 1023 3736 pro
1045 3653 1172 3716 Schola·

251 3738 333 3798 sticis
357 3737 514 3816 amplecti,
537 3739 669 3802 eundem
690 3759 795 3800 rursus
816 3759 872 3820 pro
895 3738 1093 3801 Scholasticis
1115 3736 1172 3795 eis-

251 3817 318 3880 dem
351 3821 383 3878 in
412 3819 521 3881 eadem
543 3841 576 3884 re
597 3819 781 3904 repudiare
811 3821 862 3884 Sic
882 3823 979 3884 habes
1001 3819 1172 3893 victoriam,
1211 3890 1213 3894 ι

303 4009 330 4064 ii
354 4007 381 4058 in
402 4006 443 4058 cd.
475 4013 560 4078 orig:
580 4027 641 4062 eum
664 4008 867 4072 Carnlostadio‚
886 4008 915 4063 id
935 4017 986 4076 est,
1008 4007 1171 4074 Augustino.

250 4076 279 4142 2)
299 4078 387 4133 ibid:
407 4081 588 4165 condrmsrs3
605 4081 649 4135 ed.
668 4083 740 4150 orig.
759 4081 858 4132 wite:
889 4084 1072 4134 conformare.
