3075 4775
341 535 404 614 186
552 542 712 617 Disputatio
730 543 839 611 Lipsiae
857 544 954 599 habita
971 559 996 599 a.
1014 542 1078 599 xlx

342 752 437 815 quare
458 752 498 795 eo
520 733 604 813 ipso,
626 732 710 812 quod
737 748 826 793 sacra
854 733 958 793 anima
985 736 1102 813 tantum
1135 732 1180 794 ibi
1202 752 1274 795 esse

342 818 462 895 asserit,
484 818 602 877 animas
624 823 725 877 certas
747 816 788 875 de
809 816 907 877 salute
930 815 1071 877 affirmat.

425 902 589 961 Praeterea
608 900 640 960 in
663 918 784 960 canone
806 901 937 977 missae,
967 899 1019 960 ubi
1041 918 1097 979 pro
1120 900 1274 961 defunctis

342 988 373 1047 in
396 986 575 1066 purgatorio
587 987 700 1061 oratur,
721 985 766 1043 ita
777 982 921 1043 dicimus:
944 982 1111 1061 Memento,
1128 984 1274 1062 Domine,

342 1070 525 1131 famulorum
535 1074 668 1144 tuorum,
690 1066 823 1147 quinos
846 1070 1082 1147 praecesserunt
1090 1084 1160 1127 cum
1182 1068 1274 1148 signo

343 1154 424 1231 fidei,
445 1160 477 1213 et
498 1151 653 1212 dormiunt
673 1151 704 1211 in
727 1168 838 1211 somno
860 1150 946 1229 pacis
967 1156 1036 1227 ete,
1058 1151 1132 1231 ipsis
1153 1156 1187 1211 et
1209 1169 1276 1212 om-

344 1237 433 1299 uibus
455 1238 485 1296 iu
509 1235 633 1296 Christo
656 1233 894 1313 quiescentibus.
918 1232 950 1294 Si
967 1251 1041 1313 ergo
1063 1234 1150 1294 iuxta
1172 1252 1275 1295 sacra·

343 1321 494 1381 tissimum
515 1319 628 1379 missae
650 1335 803 1377 canonem
825 1317 947 1377 animae
963 1318 1125 1396 quiescunt
1145 1317 1275 1379 inchri-

345 1409 405 1481 sto,
428 1401 586 1483 quomodo
601 1407 732 1481 possunt
754 1420 824 1461 esse
845 1402 877 1459 in
892 1399 945 1459 tali
957 1399 1131 1461 turbatione
1152 1406 1184 1461 et
1200 1400 1273 1463 hor·

344 1506 424 1565 rore,
446 1487 533 1567 quasi
556 1484 795 1565 desperationis,
823 1485 902 1543 sicut
922 1483 1063 1545 declarat
1083 1484 1274 1544 reverendus

344 1572 435 1631 Pater
465 1572 498 1629 in
525 1587 581 1629 suo
602 1567 790 1628 resolutorie
812 1564 922 1630 Conci,
946 1569 994 1631 14.
1029 1565 1127 1646 usque
1159 1567 1198 1628 ad
1221 1570 1274 1633 20.

344 1654 415 1715 Non
439 1654 520 1724 enim
542 1650 646 1727 video,
669 1650 826 1729 quomodo
848 1652 879 1709 in
903 1650 1105 1728 talihorrore,
1127 1657 1275 1731 tremore,

344 1736 541 1812 turbatione,
564 1742 595 1795 et
616 1735 704 1813 quasi
726 1733 952 1815 desperatione,
976 1752 1056 1812 quae
1081 1736 1186 1795 omnia
1208 1740 1274 1795 ma'-

344 1821 459 1881 ximam
494 1818 599 1880 dicunt
631 1817 896 1897 inquietudinem,
939 1817 1061 1877 animae
1092 1818 1276 1899 purgandae

309 1952 316 1965 ,
344 1905 466 1984 possint
491 1902 551 1963 dici
584 1902 716 1962 dormire
738 1903 770 1961 in
793 1918 902 1961 somno
924 1901 1032 1981 pacis,
1066 1900 1149 1979 quod
1184 1920 1275 1981 prae-

260 2014 265 2031 ·
339 1988 429 2077 ²dicta
457 1986 562 2048 omnia
591 1986 660 2066 paci
694 1984 905 2046 adversentur.
927 1982 1005 2051 ‚aed
1042 1989 1116 2043 tune
1140 2003 1160 2044 a
1190 1985 1275 2045 veris

265 2090 270 2097 ¹
346 2071 526 2131 Christianis
539 2074 624 2129 recte
636 2066 843 2128 censebuntur
862 2068 893 2126 in
915 2085 993 2147 pace
1006 2067 1175 2146 quiescere,
1200 2067 1275 2127 dum

346 2173 473 2214 securae
495 2157 679 2233 exspectant
701 2152 863 2211 terminum
878 2168 951 2209 suae
963 2150 1163 2230 purgationis.
1187 2148 1276 2214 Haec

317 2266 321 2269 ·
346 2244 417 2297 sunt
437 2237 567 2317 partim,
590 2253 668 2315 quae
690 2254 739 2295 me
762 2240 945 2308 moverunt,
968 2240 998 2293 et
1020 2232 1113 2293 hodie
1135 2238 1275 2314 movent,

349 2321 388 2381 ad
411 2318 650 2381 dissentiendum
673 2316 844 2378 reverendo
867 2316 971 2394 Patri,
1008 2323 1132 2398 paratus
1169 2322 1275 2378 temen

347 2412 428 2466 stare
449 2404 563 2464 iudicio
585 2409 616 2464 et
636 2401 846 2462 informationi
869 2401 1010 2462 aliorum.
1109 2437 1116 2444 -

653 2585 692 2645 ia.
720 2583 960 2645 Lutberus.

426 2737 498 2799 Tria
517 2757 574 2817 per
594 2736 733 2799 ordinem
755 2735 899 2817 egregius
932 2735 969 2796 D.
991 2735 1028 2797 D.
1057 2735 1276 2815 copiosissime

345 2829 454 2884 eontra
477 2841 526 2881 me
548 2827 728 2901 prosecutus
750 2826 808 2900 est,
829 2820 960 2900 primum
974 2837 1124 2880 canonem
1140 2817 1275 2900 Scriptu-

345 2927 399 2967 rae
430 2904 692 2984 comprehendere
723 2903 817 2964 libros
839 2901 1119 2979 Machabaeorum,
1160 2901 1275 2964 deinde

344 2989 555 3069 purgatorium
589 2986 712 3067 probari
747 2988 840 3047 etiam
876 2984 943 3045 aliis
978 2985 1055 3046 locis
1086 2984 1275 3064 scripturae,

346 3074 435 3133 tertio
457 3078 587 3131 conatus
610 3069 785 3147 ostendere,
808 3070 926 3130 animas
948 3087 1018 3130 esse
1040 3075 1140 3130 certas
1164 3067 1203 3129 de
1227 3088 1275 3128 sa-

345 3156 408 3215 lute
429 3173 494 3215 sua.

429 3236 632 3318 Respondeo:
665 3236 712 3297 De
747 3235 852 3315 primis
874 3232 994 3294 duobus
1017 3233 1102 3294 nulla
1124 3239 1172 3294 est
1191 3235 1275 3296 inter

318 3319 321 3331 '
346 3339 397 3380 me
419 3328 448 3380 et
470 3321 713 3382 dominationem
735 3337 821 3378 suam
854 3319 1074 3378 controversia.
1110 3316 1184 3378 Ideo
1208 3337 1274 3387 non

346 3411 413 3464 erat
434 3423 563 3464 necesse
583 3410 630 3463 tot
651 3401 833 3463 autoritates
868 3398 1015 3480 colligere
1044 3400 1083 3460 ad
1105 3419 1173 3461 eam
1196 3421 1275 3480 rem,

347 3504 437 3567 quam
459 3487 537 3548 forte
559 3486 748 3548 constantius
771 3484 907 3558 affirmo,
931 3502 1020 3562 quam
1043 3485 1125 3564 ipse,
1163 3491 1198 3544 ut
1221 3485 1273 3564 qui

347 3589 397 3630 me
419 3571 497 3630 scire
518 3571 674 3651 professus
699 3571 766 3646 sim,
792 3587 861 3628 esse
882 3568 1102 3648 purgatorium.
1139 3565 1200 3628 Sed
1224 3567 1275 3628 hia

348 3654 475 3713 vertitur
496 3671 620 3733 scopus,
643 3673 682 3714 an
702 3653 804 3733 possit
824 3650 947 3732 probari
970 3651 1087 3710 animas
1109 3649 1140 3710 iu
1162 3669 1274 3732 purga-

347 3738 426 3798 torio
449 3738 568 3811 mereri,
590 3743 622 3797 et
642 3737 771 3817 gratiam
793 3735 825 3794 in
848 3735 892 3796 eis
910 3734 1027 3814 adgeri,
1048 3739 1151 3794 tamen
1174 3739 1273 3794 trans

347 3839 452 3880 eamus
473 3838 528 3898 per
550 3820 698 3880 ordinem.
861 3819 864 3826 ’

431 3903 533 3962 Primo
555 3902 634 3962 dixit
645 3897 859 3963 autoritatibus
876 3899 943 3960 heri
957 3898 1095 3960 adductis
1106 3900 1273 3960 statuime-

348 3986 440 4046 ritum
462 3985 562 4046 solam
583 3986 615 4044 in
637 3985 696 4045 hac
717 3986 789 4064 vita,
812 4001 886 4064 ergo
896 3981 1019 4044 excludi
1041 3981 1071 4042 in
1085 3981 1187 4044 sutura
1197 3983 1272 4062 vita,

348 4067 431 4147 quod
452 4069 520 4148 ipse
540 4068 685 4149 inteiligit
706 4067 934 4148 purgatorium,
956 4071 988 4126 et
1010 4065 1055 4126 sic
1077 4072 1170 4147 aptat
1184 4071 1269 4127 auto
