3075 4775
492 569 494 572 ¹
528 607 536 622 r
575 597 593 634 e
610 581 729 636 Notariis
748 587 875 651 exceptu.
1021 593 1026 604 “
1140 577 1182 647 ffl

255 785 325 828 nem
349 767 476 846 impune
497 771 607 847 posset
628 765 760 829 delendi.
788 767 821 828 ln
845 774 989 848 promptu
1011 774 1059 828 est
1079 787 1181 828 exem-

256 850 355 932 phim:
381 849 431 910 An
455 852 590 911 essentia
603 851 632 910 in
656 851 913 933 divinisgeneret.
937 850 1036 926 Quam
1058 858 1180 912 senten·

257 935 329 994 tiam
352 933 524 994 Richardus
551 934 710 1014 amplexus
741 933 794 995 lib.
818 934 857 995 de
888 935 1021 995 trinitate
1055 937 1180 995 minime

257 1017 439 1096 inculpatur.
461 1017 503 1077 At
524 1017 681 1078 decisione
703 1035 759 1098 per
781 1017 951 1078 Concilium
974 1019 1056 1077 lacta
1078 1019 1178 1078 nullus

257 1101 315 1160 inm
340 1099 408 1159 sine
436 1100 573 1161 haeresis
595 1102 771 1180 suspicione
804 1102 968 1162 essentiam
991 1101 1107 1161 diceret
1127 1120 1179 1182 ge

258 1201 375 1262 narare,
398 1183 492 1244 credo
514 1185 544 1244 in
559 1180 708 1263 capitulo:
731 1183 913 1244 damnamus
934 1183 974 1243 de
984 1203 1103 1244 summa
1115 1185 1180 1244 Tri-

257 1267 361 1329 nitate.

320 1348 385 1409 >Ad
411 1349 611 1430 Augustinurn
634 1349 833 1430 delegandis
862 1350 1019 1415 canonicis
1041 1348 1179 1429 Scriptu-

256 1434 294 1492 ris
316 1431 478 1492 inductum
502 1432 735 1509 nihil'nioveor,
758 1435 903 1512 qnoniam
926 1432 1126 1493 conciliorum
1149 1441 1180 1492 et

256 1533 445 1576 summorum
469 1513 652 1575 Pontificum
674 1515 799 1576 decreta
825 1536 887 1577 non
909 1515 1054 1576 excludit.
1099 1515 1179 1590 Quid

258 1599 375 1660 domini
400 1599 458 1657 mei
481 1599 681 1659 iureconsulti
709 1601 739 1658 in
762 1618 789 1661 c
811 1599 1009 1680 significasti,
1030 1599 1069 1658 de
1090 1599 1178 1658 elect.

254 1681 440 1763 ponderent,
463 1681 522 1740 iam
554 1700 616 1742 non
638 1683 772 1742 memini.
807 1683 849 1742 At
874 1702 949 1745 suae
979 1682 1178 1762 professionis

255 1783 411 1826 memores
432 1764 516 1824 velut
536 1765 669 1825 institiae
692 1765 825 1825 cultores
848 1784 915 1826 non
932 1765 1056 1841 dabunt,
1081 1774 1114 1825 ut
1134 1785 1179 1823 ar-

255 1848 361 1926 bitror,
384 1846 469 1928 leges
490 1847 663 1927 pontificias
684 1848 890 1928 pessundari·
905 1847 994 1924 Quod
1016 1867 1090 1908 vero
1113 1848 1179 1908 Pla·

256 1939 361 2014 tynam
386 1929 535 2009 adducit,
573 1933 661 2013 qnasi
685 1931 739 1992 ille
760 1933 830 2012 plns
852 1933 906 2009 sit,
929 1949 1021 2010 qnam
1042 1949 1178 1991 summus

255 2013 411 2091 Pontifex,
434 2013 484 2072 vel
497 2013 697 2094 Augustinus*
710 2014 966 2098 velcyprianns,
989 2015 1039 2093 qni
1062 2014 1093 2073 in
1115 2015 1182 2075 vite

157 2135 158 2138 =
256 2096 419 2158 Benedicti
446 2095 482 2157 ΙΙ.
523 2106 660 2159 renarret
689 2097 903 2158 Constantium
931 2098 983 2158 IV.
1023 2098 1173 2174 sanxisse,

244 2181 348 2268 Rom.
385 2178 537 2240 ecelesiae
568 2181 673 2242 deberi
699 2183 885 2268 primatum,
923 2181 1024 2262 legat,
1048 2199 1174 2259 quaeso,

256 2262 446 2325 reverendus
469 2262 580 2340 Pater,
615 2283 693 2344 quae
716 2264 834 2325 domini
856 2264 1056 2325 iureconsulti
1082 2283 1179 2344 anno,

157 2345 165 2358 “
256 2353 321 2409 tant
353 2348 384 2407 in
409 2347 545 2426 capitulo
567 2346 728 2409 Ecclesiae
751 2344 781 2411 S.
805 2349 920 2409 Mariae
951 2347 990 2409 de
1012 2345 1176 2408 constitut.

256 2430 340 2511 quid,
363 2436 512 2510 quantum
535 2439 566 2491 et
580 2430 737 2511 quomodo
759 2432 885 2493 valeant
907 2430 1089 2492 secularium
1103 2450 1175 2492 con-

256 2517 363 2575 stituta
383 2514 415 2571 in
439 2511 656 2575 ecclesiasticis
677 2513 779 2593 rebus,
801 2523 832 2575 et
852 2515 977 2592 videbit,
996 2532 1056 2593 quo
1080 2534 1172 2573 sensu

256 2598 351 2658 verba
371 2596 523 2675 Platynae
545 2602 598 2669 (ne
622 2597 722 2658 dicam
735 2598 823 2659 Rom.
846 2598 1042 2678 Imperatoris
1064 2596 1103 2657 de
1126 2616 1176 2657 ec·

257 2681 359 2741 clesiis
383 2686 414 2738 et
435 2678 615 2758 haereticis)
641 2680 753 2741 debent
776 2683 885 2761 accipi.
1169 2752 1174 2762 ι
1226 2691 1229 2697 ’

340 2761 457 2823 Ultimo
492 2760 562 2843 lopo
596 2763 757 2845 proponit,
791 2783 839 2824 me
870 2783 979 2843 urgere
1009 2762 1175 2837 Bohemos‚

257 2844 406 2924 Graecos,
429 2844 528 2905 fatcor
551 2846 773 2910 schismaticos.
816 2846 894 2908 Nam
916 2846 946 2907 S.
963 2846 1067 2905 Patres
1090 2864 1176 2925 grae·

258 2948 311 2990 cos
345 2929 544 2989 canonisatos
571 2948 633 2990 non
672 2929 803 3011 damno,
832 2931 921 2990 sicuti
951 2929 1091 3009 gigantes
1122 2946 1175 2986 vo·

258 3012 363 3073 lebant
400 3011 431 3069 in
471 3010 580 3072 fabulis
609 3014 719 3074 lovem
759 3032 778 3084 e
805 3013 894 3075 coelo
937 3011 1059 3093 pellere.
1115 3008 1175 3071 Sed

258 3103 329 3155 tunc
353 3112 426 3153 vere
454 3096 585 3155 occurrit
610 3096 698 3157 nobie
742 3096 928 3157 reverendus
946 3095 1052 3172 Pater,
1082 3111 1175 3172 quan·

259 3178 296 3239 do
321 3175 407 3237 dabit
429 3174 581 3238 Graecum
604 3179 835 3241 inobedientem
858 3186 889 3239 et
909 3177 1055 3239 rebellem
1079 3176 1175 3237 eccle·
1205 3243 1207 3246 ,

258 3262 321 3322 siae
343 3260 515 3338 Romanae,
538 3263 589 3341 qni
612 3262 650 3323 sit
673 3264 879 3323 canonisatns.
902 3262 944 3321 Et
956 3260 1025 3341 quis
1047 3266 1095 3320 est
1116 3260 1176 3336 bic,

257 3350 287 3405 et
314 3362 379 3403 non
407 3341 599 3405 laudabimus
630 3346 722 3407 eum?
743 3346 866 3407 Frustra
895 3363 969 3425 ergo
991 3344 1119 3403 assumit
1141 3362 1176 3402 se

258 3427 392 3489 tolerare
412 3427 641 3509 monarchiam,
670 3430 757 3508 quasi
785 3448 848 3489 non
876 3435 959 3488 esset
983 3426 1022 3487 de
1042 3428 1109 3487 iure
1131 3424 1173 3486 di-

258 3510 339 3585 vino,
364 3506 420 3567 sed
434 3509 565 3587 quadarn
589 3512 751 3573 tolerantia
763 3512 870 3593 populi
893 3518 925 3571 et
935 3529 1090 3571 consensu
1103 3508 1175 3569 lide·

259 3593 331 3652 lium
351 3590 489 3653 inducta.
558 3584 562 3601 ⁸

338 3674 429 3749 Quod
452 3676 642 3756 permaxime
669 3677 767 3757 liquet
795 3697 835 3737 ex
855 3675 1008 3757 Gregorio
1038 3675 1176 3752 inducto,

260 3759 309 3837 qni
331 3759 496 3838 primatum
520 3760 600 3819 inter
620 3758 729 3821 fideles
751 3760 808 3821 sibi
831 3758 967 3819 oblatum
979 3760 1106 3819 *reiecit
1136 3758 1177 3817 At

157 3896 158 3921 ,
259 3860 381 3901 sensum
414 3848 560 3921 sequatur
580 3843 766 3905 reverendus
790 3842 896 3920 Pater,
926 3860 990 3903 non
1012 3842 1175 3903 verborum
1206 3865 1210 3872 f

259 3925 420 4003 corticem,
460 3932 492 3985 et
511 3927 646 4005 reperiet
666 3928 697 3986 in
719 3925 869 4006 Epistolis
891 3945 1043 3986 summam
1066 3922 1176 4001 optimi

262 4006 356 4070 Patris
378 4008 603 4086 humilitatem,
638 4017 671 4069 nt
700 4009 769 4089 plns
798 4010 928 4071 mititate
950 4015 983 4068 et
1002 4004 1176 4067 humilitnta
