3075 4775
265 528 271 546 “
352 540 416 609 278
598 534 689 609 aaa.
710 548 736 600 u
755 544 1042 628 mor-ruperam.

353 728 520 813 Habel'fra
534 748 598 811 quo
618 730 675 791 sibi
688 728 821 813 pleat),
844 726 1140 793 astrarides-sd
1163 743 1270 812 opera.

353 814 422 875 Hoc
443 820 498 891 est,
521 814 603 892 qnod
624 815 691 874 vult
705 814 890 895 Apostolus«
907 814 990 894 quod
1004 815 1081 876 oola
1101 816 1165 877 ilde
1183 818 1271 877 tues·

353 896 489 982 dcamur,
511 914 574 959 non
589 898 742 978 operibus,
765 898 837 959 licat
849 916 946 978 opera
955 897 1023 959 ism·
1035 899 1191 961 iustificati
1205 915 1271 959 oon

355 983 541 1041 omittamus.
628 1047 632 1063 s
1044 1003 1068 1026 ·,

435 1080 475 1141 lor
495 1080 567 1141 inde
588 1081 679 1140 latius
702 1079 794 1140 audet
814 1079 925 1156 dicere,
948 1082 1031 1161 qnod
1041 1082 1093 1143 lex
1114 1083 1270 1143 iustonon

355 1170 402 1226 est
422 1164 539 1245 posita,
569 1165 641 1243 quia·
661 1164 723 1224 lam
746 1164 842 1223 iustus
865 1180 904 1225 ex
924 1163 986 1226 lide
1014 1181 1077 1228 non
1100 1172 1171 1247 eget
1190 1166 1272 1264 lege,
1377 1179 1378 1192 ¹

355 1248 409 1308 aad
433 1258 495 1307 sua·
510 1258 621 1327 sponte
644 1246 716 1306 lacit
739 1254 854 1327 opera(
885 1246 975 1309 Hdnc
1006 1249 1154 1329 loquendi
1175 1255 1206 1309 et
1227 1270 1272 1309 m-

257 1330 261 1345 “
311 1338 316 1395 ᾗ
355 1330 512 1410 colligendi
533 1330 657 1390 modum
686 1332 717 1389 in
748 1330 892 1411 operibus
914 1332 976 1391 auls
998 1332 1162 1408 submersi,
1194 1352 1272 1392 nun-

354 1432 445 1495 quam
468 1413 642 1493 intelligunt
662 1412 827 1493 Sophistae
854 1414 1039 1475 huiusmodi.
1080 1414 1160 1476 llam
1187 1415 1270 1494 quod

354 1498 484 1558 Roman.
506 1499 534 1559 2.
558 1496 646 1556 dicit:
679 1496 749 1555 Non
772 1492 927 1557 auditores
949 1498 1037 1577 legts,
1061 1498 1115 1559 sed
1136 1498 1271 1559 factores

353 1581 431 1661 legis
452 1578 703 1657 laetificabuntur,
727 1579 869 1659 loquitur,
892 1579 975 1659 quod
997 1583 1272 1663 reputanturiusti,
1324 1651 1329 1654 ¹

274 1730 277 1742 ⁸
356 1683 417 1724 non
441 1662 523 1742 quod
545 1682 600 1741 per
612 1682 707 1742 opera
718 1661 928 1743 iustificantur,
949 1664 1042 1743 atque
1058 1666 1160 1725 lacere
1169 1664 1271 1747 legem

355 1752 402 1807 est
423 1746 552 1827 implere
572 1745 691 1830 legem,
726 1744 808 1825 quod
840 1753 887 1807 est
908 1746 1033 1808 credere
1053 1748 1084 1809 in
1108 1748 1272 1809 Christum.

438 1858 529 1939 Quod
560 1849 663 1931 autem
684 1860 798 1931 Jacobi
824 1864 958 1945 apostoli
980 1864 1151 1932 inducimur
1181 1866 1276 1929 Fides
1308 1900 1313 1917 .

355 1948 421 2008 aine
444 1945 586 2026 operibus
615 1953 823 2025 mortuaest,
851 1949 982 2028 primum
1003 1950 1093 2012 stilus
1119 1948 1274 2029 epistolae

354 2030 434 2089 illius
456 2028 551 2112 longe
574 2036 622 2090 est
642 2030 720 2089 infra
747 2030 949 2112 apostolicam
981 2033 1191 2111 maiestatena,
1213 2052 1274 2093 nec

259 2130 266 2143 ‘
300 2128 304 2135 ’
355 2112 573 2190 cuml’aolino
597 2112 777 2173 ullomodo
801 2112 1036 2193 comparandus.
1080 2110 1201 2175 Deinde
1233 2115 1274 2176 de

355 2194 416 2255 fide
438 2195 508 2254 vive
530 2194 663 2273 loquitur
684 2194 807 2255 Paulus.
850 2193 929 2256 Nam
952 2195 1045 2257 fides
1066 2205 1187 2259 mortua
1209 2215 1274 2259 non

355 2284 402 2337 est
423 2276 510 2353 fides,
533 2277 586 2337 sed
600 2279 717 2357 opinio.
740 2278 782 2338 At
799 2277 869 2339 vide
889 2278 1065 2361 theologos,
1087 2281 1167 2340 hanc
1180 2282 1273 2342 anain

355 2360 549 2422 autoritatem
572 2360 726 2422 mordicus
749 2368 864 2440 tenent,
886 2362 962 2422 nihil
983 2381 1107 2443 prorsus
1119 2355 1273 2442 curantes,

356 2443 437 2523 quod
459 2451 525 2505 tota
548 2445 609 2505 alia
630 2445 787 2526 Scriptura
809 2444 901 2506 fidem
935 2447 1002 2506 sine
1023 2445 1167 2528 operibus
1190 2465 1273 2508 oom-

355 2527 487 2590 mendet.
530 2525 588 2587 Hic
611 2529 690 2588 enim
711 2547 779 2589 mos
802 2546 909 2592 eorum
941 2535 1004 2606 est,
1043 2544 1105 2590 una
1143 2528 1278 2610 abrepta

355 2610 545 2671 oratiuncula
566 2617 668 2672 textus
691 2617 799 2672 contra
819 2614 916 2672 totam
939 2612 1133 2699 Scriptorum
1156 2633 1274 2674 cornua

355 2695 482 2774 erigere.
1014 2704 1017 2713 '
1148 2705 1152 2718 “

441 2808 606 2872 Debcbant
633 2829 706 2891 ergo
727 2811 773 2889 bi,
810 2813 861 2892 qui
896 2810 984 2871 titulo
1018 2811 1194 2892 theologiae
1209 2854 1212 2860 ,
1230 2813 1276 2890 im

355 2891 481 2970 flentur,
517 2893 634 2955 discere
655 2894 804 2972 primurn,
823 2894 894 2975 qnid
918 2894 1001 2955 esset
1020 2894 1098 2955 fides
1121 2901 1152 2954 et
1175 2913 1273 2974 opera

353 2979 439 3037 iuxta
462 2977 651 3057 Scripturas,
686 2993 723 3036 ac
744 2987 806 3036 non
832 2994 907 3038 mox
929 2974 1095 3051 damnare‚'
1123 2965 1272 3056 quidquid

355 3065 462 3120 contra
483 3077 553 3121 snas
566 3061 732 3140 opiniones
748 3056 934 3120 inveteratas
946 3059 1157 3121 offendissent.
1180 3058 1274 3135 Quod

355 3145 380 3203 sl
402 3143 533 3223 populus
557 3143 603 3202 bis
626 3142 806 3220 offenditur,
842 3145 905 3203 suis
925 3144 1077 3224 imputent
1099 3142 1273 3204 infelicibus

355 3225 479 3303 studiis,
515 3225 598 3307 qnod
628 3226 776 3306 populum
798 3241 861 3286 non
891 3225 1063 3286 docuerunt
1097 3223 1273 3306 intelligere

355 3307 448 3369 verba
470 3309 526 3369 Dei
550 3315 581 3370 et
598 3315 705 3389 tropos
720 3304 896 3391 scripturae
914 3311 1107 3370 necessarios
1130 3307 1169 3368 ad
1193 3310 1273 3370 salu-

355 3398 425 3450 tem.
473 3391 534 3472 lpsi
567 3397 689 3452 autores
726 3400 797 3453 sunt
835 3388 1050 3476 scandalorum
1085 3391 1273 3456 huidsmodi.

355 3473 451 3535 Multo
473 3476 610 3554 periculo
632 3475 849 3554 praedicantur
870 3488 966 3555 opera
986 3492 1062 3556 prae
1081 3473 1159 3534 ude:
1192 3473 1281 3536 fides·
1313 3542 1317 3552 ¹

356 3563 457 3616 autern
480 3559 545 3618 sine
564 3577 658 3639 opere
679 3557 764 3619 nullo
786 3557 923 3640 periculo
944 3557 1153 3638 praedicatur,
1180 3577 1273 3640 prop·

356 3646 440 3700 terea
462 3639 544 3718 quod
566 3641 663 3702 facilis
687 3649 734 3703 est
756 3646 787 3704 et
807 3641 953 3724 proclivis
975 3641 1107 3722 populus
1134 3641 1168 3700 in
1196 3638 1274 3702 fidu-

356 3723 433 3783 olam
462 3741 606 3804 operum,
640 3731 670 3784 et
692 3743 788 3804 opera
818 3723 909 3785 facile
941 3723 1168 3814 praeponderat
1188 3722 1272 3784 fidei.
1331 3784 1338 3788 .

355 3805 413 3868 Ubi
445 3813 546 3866 autem
580 3825 656 3886 pura
685 3806 762 3868 fides
783 3808 870 3870 lecte
892 3808 1060 3881 docetur‚‘5
1072 3813 1184 3887 sponte
1206 3823 1273 3888 sna,

356 3894 387 3950 et
407 3889 473 3951 sine
494 3889 630 3968 periculo
652 3892 776 3965 veniant
792 3884 897 3972 opera,
920 3890 991 3949 dnm
1014 3885 1184 3968 didicerint,
1207 3901 1273 3950 ma·

354 3973 452 4032 iorem
473 3972 545 4048 rim,
566 3973 629 4032 imo
652 3978 758 4050 totam,
779 3974 811 4032 in
832 3972 894 4034 tide
911 3975 1054 4054 positam,
1077 3992 1157 4054 quae
1177 3973 1274 4034 faciat

317 4099 322 4102 -
356 4071 460 4133 opera.
