3075 4775
329 536 392 604 380
579 540 671 595 Resol.
692 541 721 596 L.
741 556 826 610 super
842 540 1038 610 Proposltione

330 744 470 786 sessores
492 727 582 786 onius
604 727 718 794 Petril
751 727 812 788 Cur
834 726 949 786 esteris
977 725 1129 805 apostolis
1151 725 1250 785 auler-

330 817 378 869 tur
414 829 471 869 soa
503 810 616 891 gloria,
670 820 701 870 et
742 810 884 871 tribuitur
913 809 970 869 soli
1020 809 1131 869 Petro?
1189 808 1253 868 Oui·

330 912 392 952 non
414 893 542 972 quilibet
560 895 699 973 episcopi
719 894 851 967 liabent,
879 892 963 971 quod
985 892 1120 972 apostoli
1142 912 1248 951 eorum

329 976 509 1042 babuerunt.
531 996 599 1037 oum
623 978 780 1037 Romanus
805 976 926 1053 habeat,
950 975 1031 1054 quod
1046 976 1153 1035 Petrus
1176 995 1251 1035 suos

329 1059 551 1139 praedeeessor
578 1060 702 1120 habuit?
744 1060 830 1119 Muta
859 1078 932 1138 ergo
958 1058 1101 1136 verbum,
1125 1067 1157 1117 et
1179 1059 1249 1118 dio:

330 1140 419 1217 Quod
447 1145 585 1223 episcopi
611 1152 682 1203 sunt
713 1143 926 1222 apostolorum
949 1160 1159 1215 euooessores,
1195 1140 1248 1201 sed

329 1246 407 1285 unus
429 1228 593 1306 episeopus
616 1227 773 1286 Romanus
796 1234 843 1286 est
864 1227 952 1285 unius
971 1224 1105 1305 apostoli
1129 1243 1252 1285 suooss-

330 1328 389 1370 sor.
436 1313 496 1369 ista
521 1311 618 1385 ratio,
645 1310 760 1386 fateor,
794 1310 853 1369 nisi
881 1328 939 1387 ego
968 1327 1035 1367 eum
1062 1310 1252 1368 insensatior

329 1400 447 1466 trunam
469 1394 562 1473 cogit,
585 1399 617 1453 et
637 1394 772 1452 omnium
786 1392 916 1452 obstruit
929 1410 973 1467 os,
997 1410 1065 1451 esse
1082 1392 1251 1471 episcopos

329 1493 445 1537 omnes·
460 1476 623 1553 aequales,
656 1486 688 1535 et
713 1478 793 1535 siout
815 1476 971 1535 Romanos
993 1474 1134 1553 pontifex
1157 1494 1176 1533 a
1199 1494 1251 1534 ns-

329 1560 411 1619 mine
432 1558 606 1637 ordinatur,
638 1561 682 1619 ita
710 1558 838 1637 quilibet
867 1576 921 1637 per
942 1558 1039 1617 solam
1065 1557 1250 1617 electionem
1286 1558 1288 1563 ’

330 1644 409 1702 siout
440 1643 506 1721 ipsa
534 1642 668 1703 ordinari
690 1641 797 1719 debet,
832 1644 898 1701 iure
919 1640 1035 1703 divino.
1079 1640 1147 1701 Stat
1168 1642 1250 1701 enim

259 1722 267 1738 ⁸
330 1724 416 1785 lirmo
438 1726 605 1801 sententia,
639 1725 753 1784 nullum
777 1722 1037 1804 apostolorum'a
1059 1724 1150 1783 Petro
1179 1726 1248 1785 mis-

330 1828 396 1867 sum
419 1826 498 1882 esse,
520 1808 707 1868 sed-omues
731 1808 840 1868 eadem
863 1827 882 1868 a
904 1806 1025 1867 Christo
1042 1806 1175 1867 Domino
1200 1828 1254 1868 ee-

329 1892 430 1971 quolis
451 1893 611 1972 accepisse
638 1890 670 1951 in
704 1910 776 1950 suas
799 1898 907 1951 sortes.
950 1890 1033 1969 Ergo
1058 1908 1164 1949 eorum
1188 1892 1255 1970 epi·

329 1978 416 2055 soopi
452 1990 647 2035 eueoessores
681 1973 825 2053 aequalia
853 1973 968 2034 habent
1001 1992 1069 2032 oum
1105 1974 1252 2033 Romano

293 2055 298 2066 '
330 2057 496 2135 Pontifloe,
529 2064 661 2137 excepta
689 2058 907 2137 praerogativa
928 2055 1054 2117 honoris
1077 2074 1130 2115 ssu
1153 2056 1252 2137 digni·

332 2143 414 2220 tatis,
437 2143 515 2201 siout
537 2141 649 2201 Paulus
670 2141 709 2200 ad
722 2140 897 2201 Corinthios
921 2140 1003 2199 olare
1025 2140 1144 2199 scribit:
1169 2138 1250 2213 Quid

328 2225 409 2283 enim
432 2225 532 2282 minus
554 2225 612 2283 leui
634 2243 653 2283 a
675 2225 795 2303 magnis
817 2222 991 2302 apostolis?

411 2307 548 2383 Deoima‚
569 2306 740 2388 responde,
767 2308 794 2365 si
825 2306 982 2365 Romanus
1002 2305 1141 2384 pontifex
1165 2326 1251 2383 prae-

329 2397 421 2469 septo
458 2390 514 2450 Dei
542 2398 590 2450 est
611 2392 749 2450 Vioarius
780 2389 932 2470 generalis
961 2391 993 2449 in
1015 2396 1082 2449 tota
1104 2389 1249 2466 eeclesia,

330 2474 466 2552 sequitur
484 2473 703 2535 inevitabiliter
723 2491 853 2553 psooaro
871 2491 940 2548 eos,
967 2473 1029 2533 imo
1053 2491 1121 2532 esse
1143 2472 1250 2548 haere-

330 2557 422 2635 tieos,
454 2559 506 2636 qui
539 2577 601 2617 non
635 2557 691 2616 sub
719 2576 757 2617 eo
786 2556 907 2615 luerint.
949 2557 991 2615 At
1017 2563 1090 2615 tuno
1116 2556 1252 2617 eoolesia

329 2647 395 2700 tots
416 2641 583 2720 primitiva,
614 2640 722 2700 saltem
752 2657 849 2716 usque
871 2637 910 2698 ad
933 2637 1174 2718 quadringentos
1197 2660 1251 2698 ou-

329 2742 387 2784 nos
410 2743 478 2783 oum
508 2731 555 2783 tot
576 2723 758 2803 martyribus
787 2729 818 2783 et
840 2721 960 2782 Sanctis
983 2721 1128 2782 haeretiei
1150 2730 1250 2783 eruut.

330 2805 484 2882 Obsecro,
513 2806 584 2885 quid
613 2806 740 2885 prodest
761 2812 878 2865 tautam
901 2803 1124 2884 blasphemiam
1147 2807 1177 2865 iu
1202 2825 1251 2866 eo·

230 2908 233 2912 ’
329 2889 425 2949 alesia
446 2889 657 2969 pro-fumidae
678 2889 839 2968 potestatis
861 2906 976 2967 pompa
997 2887 1152 2947 statuere?
1191 2889 1251 2948 De-

329 2974 421 3052 nique
442 2975 535 3033 etism
557 2972 586 3035 S,
612 2974 717 3033 Petrus
738 2973 797 3032 erit
818 2971 1002 3048 haeretious,
1027 2972 1078 3049 qui
1100 2978 1172 3032 ante
1188 2973 1250 3033 Ro-

330 3075 450 3116 manam
473 3056 637 3118 ecelesiam
667 3074 735 3115 eom
757 3054 909 3135 apostolis
936 3054 993 3113 fuit
1013 3054 1248 3134 Hierosolymis.

331 3139 433 3200 Viuoit
454 3159 504 3199 me
524 3139 602 3199 haee
622 3143 701 3199 ratio
722 3140 846 3198 inviota.

412 3222 598 3298 Undecima,
627 3224 654 3282 si
673 3221 738 3282 ulla
759 3221 892 3282 eoolesia
913 3227 960 3280 est
981 3222 1080 3300 prima
1101 3227 1131 3280 et
1153 3231 1252 3282 mater

331 3307 477 3384 omnium,
498 3312 632 3366 nonest
653 3305 715 3365 alia
735 3306 795 3364 nisi
818 3304 1108 3384 Hierosolymitsna
1131 3311 1165 3364 ut
1186 3305 1251 3364 dixi

330 3408 429 3467 supra,
470 3389 552 3464 Quid
574 3391 655 3449 enim
675 3389 792 3448 faceret
812 3389 926 3462 Roma,
961 3389 986 3446 si
1016 3387 1143 3447 baberet
1171 3387 1252 3449 liaeo

330 3490 385 3549 pru
406 3492 455 3551 se,
477 3491 556 3551 quae
577 3472 671 3532 habet
692 3471 765 3532 illa?
808 3471 955 3550 Nempe,·
976 3469 1060 3548 quod
1089 3471 1185 3530 isaias
1220 3480 1252 3532 et

330 3555 494 3632 llliohaeas‚
516 3563 549 3616 et
569 3574 678 3615 omnes
699 3553 911 3635 prophetae*)
936 3555 1183 3633 prouuuoisrint,
1212 3555 1252 3615 de

330 3638 404 3697 Zion
439 3639 588 3699 exituram
621 3639 722 3718 legem
744 3637 922 3718 Evangelii,
958 3643 988 3697 et
1016 3635 1055 3697 de
1082 3637 1249 3698 Ierusalem

330 3721 455 3781 verbum
492 3722 626 3782 Domini.
677 3722 768 3792 ltem,
804 3720 886 3800 quod
908 3720 1057 3780 Dominus
1090 3720 1132 3782 ibi
1166 3721 1253 3781 dedit

330 3803 459 3884 gloriam
483 3805 513 3863 in
538 3803 630 3864 domo
653 3824 709 3864 soa
731 3805 913 3880 novissima,
938 3811 971 3863 ut
992 3801 1138 3884 Haggeus
1162 3805 1250 3865 dicit:

331 3887 421 3962 Quod
444 3886 580 3946 Christus
608 3887 651 3947 ibi
679 3889 837 3967 pontilex,
870 3885 1005 3966 apostoli
1040 3893 1142 3948 autem
1166 3889 1253 3948 velut
