3075 4775
513 549 594 605 ,mu
612 548 648 605 de
667 552 805 619 potestate
828 549 928 618 Papae.
1113 517 1178 611 299

254 739 313 799 erit
334 736 457 813 odiose,
478 738 533 816 qui
554 748 676 815 sperem
688 753 799 797 omnes
821 752 880 796 uos
902 732 1026 798 tandem
1048 738 1181 813 penates

253 823 284 882 in
306 840 406 903 regno
422 820 535 881 Christi
556 821 692 882 aanor
712 820 746 879 in
763 825 931 879 aeternum.
955 816 1088 878 (laneam
1103 834 1178 877 vero

253 905 430 985 Scripturas
442 906 570 964 sanetae
591 904 617 962 si
629 902 831 962 concitatiore
843 899 912 960 uelo
931 918 1034 979 egero,
1054 900 1176 973 reniam

255 988 346 1065 milri,
370 1005 480 1067 spero,
513 988 623 1047 iustam
645 1004 708 1045 nou
730 986 853 1065 negari,
888 982 970 1061 quod
993 999 1060 1042 non·
1080 984 1179 1061 possit

253 1092 323 1132 esse
345 1091 403 1150 par
423 1069 514 1131 ullius
531 1069 628 1130 laesio
652 1084 709 1127 seu
729 1069 860 1145 iniuriag
880 1084 949 1127 eum
971 1065 1089 1149 iniuria!
1104 1064 1180 1127 divi·

254 1174 314 1215 nae
334 1154 511 1234 scripturae
533 1152 655 1213 eolleta.
699 1151 757 1212 Hie
779 1152 860 1211 enim
891 1150 957 1211 vita
983 1153 1091 1211 nostra
1118 1148 1179 1209 lae—

254 1238 506 1314 ditnrneterna,
541 1236 606 1296 illie
640 1234 796 1315 putridum
829 1251 944 1293 nomen
973 1228 1179 1310 corruptibilis

252 1322 400 1381 hominis.
442 1320 594 1379 Dominus
623 1327 727 1379 entem
746 1318 818 1398 >ipse
839 1318 930 1377 lesus
951 1319 1040 1395 regat
1063 1320 1095 1375 et
1116 1332 1176 1375 ser-

252 1412 305 1465 vet
326 1423 385 1464 nos
409 1419 528 1480 omues,
551 1401 766 1481 custodiatque
786 1400 882 1464 eorda
904 1404 935 1461 et
956 1396 1178 1476 intelligentias

253 1495 388 1549 nostras.
414 1481 539 1550 Amen(
572 1525 575 1529 ι

518 1568 618 1646 Vale,
642 1568 761 1648 optime
784 1566 904 1629 Lentos.
983 1616 985 1625 .

481 1685 585 1766 Gloria
628 1704 662 1765 in
702 1704 831 1771 excelsis
869 1696 945 1765 Deo.

504 1822 730 1901 Propositio
752 1820 928 1883 Enniana.

336 1927 516 2001 itomanam
533 1935 695 2000 ecelesiam
712 1958 773 1999 non
797 1938 890 1998 fuisse
907 1937 1094 2017 superiorem
1111 1934 1179 1995 aliis
1259 1946 1262 1956 ¹

252 2017 396 2084 ecelesiis
410 2030 482 2083 ante
496 2024 637 2102 temporo
649 2022 800 2099 silvestri,
821 2016 978 2103 degamus.
1023 2018 1083 2079 Sed
1098 2036 1179 2095 eum,

251 2109 304 2186 qui
329 2106 439 2166 sedem
460 2100 629 2166 b'ea'tissimi
643 2106 724 2165 Petri
735 2105 842 2165 habuit
855 2111 886 2165 et
897 2102 1000 2181 fldem,
1021 2116 1199 2161 suceesso-¹

252 2210 317 2250 rem
342 2190 423 2273 Petri
456 2195 487 2249 et
515 2190 661 2250 vinarium
697 2187 808 2249 Christi
845 2186 1021 2269 generalem
1060 2202 1182 2264 semper

253 2268 449 2353 tgnovim'ds.

516 2391 690 2470 Propositio
712 2391 908 2452 Lutheriana.

337 2472 511 2535 Romanam
541 2474 705 2537 ecelesiam
740 2474 809 2534 aliis
832 2473 971 2534 eeclesiis
1004 2472 1098 2534 fuisse
1130 2489 1178 2530 sn-

252 2559 423 2636 pariorem,
445 2555 593 2636 probatur
615 2577 655 2617 ex
677 2556 881 2638 frigidissimis
902 2557 1041 2618 Decretis
1065 2555 1179 2616 Rome-

253 2660 367 2701 norum
387 2638 581 2718 pontifioum,
604 2646 712 2703 eontra
732 2660 816 2720 quae
835 2646 905 2700 sunt
926 2646 1029 2700 textus
1054 2638 1178 2698 divinoe

252 2723 430 2803 Saripturae
441 2723 588 2785 historiae
597 2725 788 2803 approbatae
800 2723 1074 2801 millenentumque
1082 2739 1176 2782 anuo-

253 2826 330 2884 mm,
345 2813 378 2865 et
389 2805 544 2866 decretum
561 2806 684 2866 sonnilii
696 2807 806 2867 Nieeni
820 2808 954 2868 omnium
970 2803 1178 2869 sensatissimi.

338 2889 470 2948 Primum
494 2888 595 2966 vides,
616 2889 730 2967 laetor,
753 2890 792 2950 de
814 2891 938 2969 reipsa
959 2908 1016 2950 nos
1039 2907 1101 2950 non
1125 2885 1178 2948 ad-

253 2972 380 3033 modum
393 2971 564 3049 dissentire,
588 2971 642 3032 sed
659 2972 698 3032 de
710 2966 810 3038 osdsis
835 2981 866 3034 et
879 2974 998 3053 origine
1020 2972 1073 3032 rei.
1097 2969 1175 3030 Nam

253 3075 315 3116 neo
338 3073 407 3135 'ego
440 3074 522 3134 nego
544 3055 719 3116 Romanurn
742 3055 931 3135 pontilieem
952 3075 1037 3132 esse,
1068 3055 1174 3132 fuisse,

253 3139 320 3199 fora
342 3139 488 3218 primunr,
510 3157 569 3198 nea
591 3137 629 3199 de
651 3138 712 3200 hon
732 3138 873 3219 disputo,
895 3137 1035 3200 neubon
1056 3137 1174 3216 quaeri-

254 3230 316 3281 tur:
340 3220 395 3281 sed
405 3240 447 3280 an
462 3221 660 3300 probationes
683 3222 816 3296 valeant,
837 3222 948 3302 quibus
971 3221 1001 3282 id
1015 3221 1172 3282 asseritur.

253 3305 325 3364 ttihi
347 3323 439 3378 sane,
463 3303 547 3382 quod
568 3305 678 3380 fateor,
701 3307 839 3367 maxime
863 3307 998 3367 omnium
1022 3303 1173 3383 displieet‚

253 3387 337 3466 quod
359 3388 391 3446 in
415 3387 547 3448 enclesis
568 3384 683 3468 aliquid
701 3397 853 3450 assertum
875 3388 976 3449 studio
988 3387 1174 3448 adulationis

254 3471 304 3530 vel
327 3469 498 3530 mendaoiis
515 3471 678 3549 probatur,
704 3473 822 3552 -quibus
846 3472 1009 3534 ecelesiam
1032 3477 1063 3532 et
1084 3469 1176 3530 fidem

255 3561 394 3614 nostram
416 3552 600 3614 adversariis
621 3554 752 3616 ludibrio
776 3575 978 3636 exponamus.
1020 3554 1091 3614 Non
1107 3560 1177 3635 eget

255 3637 390 3697 adelesia
401 3635 514 3696 Christi
527 3638 640 3698 nostris
663 3637 846 3714 mendaciis,
870 3637 1176 3718 superlideipetram

255 3719 423 3795 stabilitur,
456 3739 519 3780 non
558 3718 703 3781 abhorret
732 3721 842 3783 dissuti
877 3729 908 3781 et
938 3723 1057 3801 inquiri.
1101 3719 1177 3782 lude

256 3803 371 3863 fantum
405 3809 467 3878 est,
502 3809 535 3862 ut
555 3803 765 3865 Romanorum
798 3803 976 3885 pontificum
1000 3804 1176 3864 adulatores

259 3888 289 3946 iu
311 3886 374 3946 hoo
394 3887 526 3965 primatu
539 3887 600 3944 ium
616 3885 666 3945 diu
681 3889 889 3969 suspicionem
902 3887 1072 3968 tyrannidis
1096 3887 1177 3966 passi

259 3969 334 4047 sint,
368 3967 439 4044 dum
470 3967 554 4028 velut
582 3969 682 4030 malae
712 3969 784 4032 fidei
806 3989 1003 4052 possessores
1025 3987 1089 4030 non
1111 3987 1178 4048 per-

261 4053 408 4114 miserunt
422 4051 513 4112 huius
535 4053 580 4113 rei
593 4055 753 4114 veritatem
776 4053 871 4118 libere
894 4054 1045 4132 inquirere
1067 4053 1098 4111 et
1119 4048 1176 4108 dis-
