3075 4775
359 564 424 633 218
455 514 458 530 Ι
695 568 795 622 Semo
813 568 923 623 botheri

364 755 520 834 invidiam,
547 756 799 836 obtrectationes,
821 758 1014 818 temerarium
1035 758 1177 820 iudicium
1199 763 1234 817 et
1254 755 1286 816 id

366 858 465 923 genus
486 841 592 921 gravia
613 848 758 921 peccata,
792 861 862 901 cum
886 848 987 902 tamen
1010 842 1036 901 si
1058 860 1122 902 non
1145 839 1286 921 perditis-

364 926 442 985 sima
463 923 590 985 avaritia
604 924 773 1006 instigaret,
795 944 858 985 non
881 926 956 986 tanti
978 926 1041 985 aiot
1059 924 1289 1004 indulgentiae,

363 1014 396 1068 ut
419 1026 521 1067 carum
545 1010 670 1068 nomine
693 1010 782 1068 unius
798 1008 932 1068 hominis
945 1027 1000 1068 cor
1021 1007 1094 1069 odio
1117 1016 1171 1068 aut
1191 1008 1288 1067 male-

363 1091 500 1153 volentia
520 1090 681 1166 inficiatur,
705 1099 757 1151 aut
780 1090 904 1170 aliquod
919 1091 977 1151 Dei
999 1097 1198 1171 praeceptum
1221 1092 1288 1151 vio-

363 1175 451 1255 letur,
474 1192 543 1233 cunr
565 1168 624 1235 nec
645 1174 754 1249 aDeo,
776 1192 836 1234 nec
856 1175 1083 1236 abhominibus
1099 1175 1173 1235 illae
1195 1194 1287 1254 prae-

363 1263 473 1339 ceptae
495 1256 573 1331 sint,
595 1264 627 1318 et
648 1259 725 1319 eitra
745 1256 954 1339 indulgentias
975 1258 1058 1318 salua
1080 1257 1189 1318 melius
1212 1277 1288 1319 con-

363 1348 432 1403 stet.
477 1340 570 1420 Atqui
602 1360 671 1401 cum
696 1341 801 1401 divina
827 1343 926 1423 gratia
961 1348 993 1401 et
1024 1360 1086 1423 ope
1112 1343 1227 1402 veritas
1256 1347 1292 1401 et

362 1424 593 1486 fundamentum
616 1424 875 1504 indulgentiarum
907 1425 1050 1486 omnibus
1084 1427 1145 1485 iam
1166 1430 1287 1505 pateat,
1311 1449 1322 1464 =

363 1515 397 1569 ut
418 1507 494 1567 nihil
518 1526 595 1587 opus
614 1509 662 1585 sit,
685 1502 881 1569 adverterint
903 1527 991 1569 meos
1004 1508 1156 1570 mendacii
1179 1513 1211 1567 et
1233 1528 1288 1568 va-

363 1592 466 1653 nitatis
501 1609 646 1672 arguere,
682 1590 832 1671 siquidem
862 1592 916 1650 lux
951 1611 1057 1652 eorum
1090 1591 1290 1654 tenebricosa

363 1693 460 1755 opera
481 1693 536 1753 per
557 1692 590 1733 se
604 1682 738 1751 accusat,
760 1680 794 1735 ut
811 1674 907 1765 plane
920 1674 1016 1735 videri
1039 1681 1070 1735 et
1081 1675 1167 1754 tangi
1181 1670 1289 1754 queat,

363 1757 443 1838 quod
473 1762 533 1817 tam
570 1759 695 1818 insanas
718 1757 958 1819 vociferationes
987 1764 1020 1818 et
1046 1757 1223 1838 tragoedias
1245 1758 1289 1818 ad

363 1840 598 1921 oppressionem
620 1840 757 1902 veritatis
792 1850 825 1901 et
851 1860 952 1901 meam
981 1842 1149 1922 perniciem
1171 1842 1290 1900 excita·

361 1927 430 1985 rint.

445 2006 485 2067 lllt
506 2006 645 2084 quamvis
675 2004 783 2067 horum
810 2007 987 2066 iniuriarum
1010 2008 1233 2087 antesignanos
1256 2009 1289 2067 in

363 2090 410 2151 ius
433 2108 548 2151 vocare
568 2090 739 2169 potuerim,
770 2098 803 2150 et
823 2109 924 2150 meam
946 2092 1207 2151 existimationem
1231 2110 1291 2170 per

362 2173 424 2234 hoc
447 2173 623 2252 restituere,
658 2174 761 2233 remisi
793 2179 897 2233 tamen
929 2192 1059 2252 noxam,
1094 2173 1178 2253 quod
1200 2173 1289 2234 Deus

363 2256 407 2317 ita
428 2255 530 2315 lacere
551 2256 689 2329 iusserit,
711 2257 762 2335 qui
785 2256 858 2317 mihi
881 2256 992 2317 multos
1015 2256 1169 2337 myriadas
1192 2256 1288 2318 delic

364 2344 466 2402 torum
489 2336 690 2416 condonavit,
720 2344 751 2402 et
772 2347 805 2400 ut
826 2340 856 2400 in
878 2345 1053 2420 posterum,
1086 2346 1119 2401 ut
1140 2358 1233 2420 spero
1256 2346 1290 2401 et

363 2422 475 2499 credo,
508 2422 729 2500 condonabit„
749 2444 769 2483 o
790 2443 851 2503 quo
875 2443 936 2484 uno
962 2443 1053 2484 verae
1073 2423 1290 2505 indulgentiae

363 2505 471 2567 fluunt.
514 2505 600 2567 Fecit
622 2513 652 2566 et
673 2506 734 2567 hoc
757 2526 807 2566 me
829 2505 1049 2587 placationem,
1073 2505 1156 2587 quod
1178 2527 1288 2588 exper-

364 2596 412 2650 tus
436 2609 524 2666 sum,
557 2596 704 2668 quantum
736 2591 766 2649 in
790 2589 934 2650 vexanda
955 2591 1084 2652 veritate
1106 2589 1225 2650 invidia
1244 2592 1288 2650 vi-

363 2673 441 2733 rium
462 2671 585 2751 habeat,
607 2672 683 2733 nihil
705 2678 829 2750 tamen,
853 2672 1023 2752 quamlibet
1043 2692 1113 2734 sese
1135 2680 1289 2752 torqueat,

364 2753 403 2817 ad
427 2753 512 2816 illam
536 2754 769 2835 opprimendam
792 2756 932 2818 obtinere
954 2757 1067 2818 misera
1087 2757 1197 2837 possit.

448 2839 562 2900 Verum
600 2857 667 2898 cum
699 2839 760 2898 iam
795 2839 874 2900 haec
904 2844 1073 2919 tempestas
1104 2859 1218 2919 magna
1247 2859 1288 2902 ex

386 2927 451 2984 arte
474 2922 576 3004 sopita
598 2926 690 2998 esset,
713 2940 788 2982 ecce
810 2921 865 2984 tibi
886 2942 986 2982 novus
1008 2922 1099 2982 ludus
1122 2923 1287 3002 occipitur.

363 2942 441 3066 Flam
470 3024 509 3066 ex
530 3005 671 3084 proxime
691 3003 814 3085 Lipsiae
840 3005 946 3066 habita
967 3007 1200 3066 concertatione
1222 3024 1287 3066 om·

364 3107 435 3150 nem
462 3089 597 3169 priorem
619 3087 780 3148 audaciam
815 3093 847 3148 et
875 3088 1010 3172 furores,
1044 3087 1153 3168 quibus
1182 3090 1214 3148 iu
1237 3109 1288 3149 me

364 3173 479 3232 invecti
500 3178 586 3248 sunt,
619 3176 724 3252 tegere
745 3178 910 3249 conantur,
933 3191 1016 3237 nova
1036 3171 1067 3232 in
1091 3190 1140 3231 me
1159 3172 1285 3232 commi-

365 3255 528 3316 niscentes.
575 3253 732 3334 Siquidem
762 3255 916 3316 intentant
949 3254 1036 3332 mihi,
1071 3254 1154 3333 quod
1186 3251 1287 3316 Bohess
1325 3265 1327 3269 '

367 3357 486 3399 morum
507 3338 649 3399 haeresin
671 3338 828 3398 instituam
851 3357 1063 3419 propugnare,
1095 3344 1126 3398 et
1154 3345 1188 3397 ut
1211 3340 1288 3398 veri·

314 3421 321 3428 '
367 3420 467 3482 simile
487 3421 549 3482 hoc
569 3420 699 3499 saciant,
736 3419 869 3502 sigillum
899 3419 1011 3481 talibus
1032 3420 1202 3482 mendaciis
1225 3420 1288 3502 dig·

367 3523 439 3564 num
463 3503 659 3584 appendunt,
694 3504 791 3565 multa
812 3504 874 3564 alia
895 3503 977 3564 levia
998 3510 1031 3564 ct
1050 3504 1183 3584 puerilia
1204 3523 1288 3566 com·

368 3593 471 3647 menta
492 3588 523 3646 in
547 3606 597 3648 me
621 3586 844 3668 confingentes.
857 3587 946 3655 ,Huic
967 3587 1082 3667 Papam
1105 3587 1233 3649 omnino
1256 3589 1287 3666 in

280 3665 286 3681 '
367 3670 507 3731 ordinem
528 3670 647 3751 redigo,
669 3672 740 3731 lulio
760 3669 873 3732 baccas
887 3671 1002 3731 orarias
1027 3669 1298 3743 dicoravulsisse,

263 3777 264 3782 ¹
367 3753 436 3814 aliis
459 3753 559 3814 aurcis
581 3754 702 3814 annulis
725 3751 838 3834 digItos
861 3754 998 3830 revinxi,
1029 3753 1101 3814 huic
1128 3760 1211 3813 serta
1236 3773 1287 3834 ge·

368 3837 456 3913 atavi,
479 3842 509 3896 et
531 3835 618 3897 huius
640 3838 762 3917 generis
786 3835 856 3910 alia,
880 3836 1008 3918 indigna
1029 3855 1115 3916 sane,
1137 3855 1219 3916 quae
1238 3855 1287 3896 co·

367 3940 432 3980 ram
455 3920 598 4000 gravibus
627 3919 801 3981 hominibus
824 3925 1073 3999 percenseantur.
1114 3920 1161 3980 Ita
1183 3919 1287 4000 deplo-

367 4009 435 4064 rata
463 4009 494 4063 et
520 4002 641 4081 perdita
671 4002 788 4062 invidie
808 4020 877 4061 eum
902 4021 958 4062 aua
977 4000 1100 4064 firmare
1127 4004 1208 4063 veria
1237 4024 1287 4064 ne·

368 4087 463 4164 aciat,
499 4085 594 4147 multo
616 4084 802 4148 laboriosius
818 4085 879 4165 ipsi
907 4092 955 4146 eat
976 4085 1140 4148 mendacia
1160 4083 1286 4167 fingere,
