3075 4775
512 544 586 611 xm·
604 544 640 604 t·
655 549 796 616 rem
810 544 934 617 erpa..
1108 542 1174 616 ³40

249 727 310 794 vis.
351 726 414 794 suu
434 748 506 812 age,
530 728 699 811 rideamus,
722 749 814 811 quom
834 729 1174 813 loquentiapersoaem

250 809 304 874 ruo
324 831 424 876 novus
444 812 580 880 advehet
599 814 776 896 Scripturas
797 816 958 897 interpres.

335 912 498 978 embola
519 916 600 977 euim
623 916 795 995 Apostolus
816 914 944 978 subditis
966 918 1049 997 cuim¹
1067 923 1099 979 et
1120 938 1177 980 sos

251 996 292 1057 ad
317 998 458 1057 meritum
481 998 660 1060 humilitatis
682 1000 883 1079 provocabat.
982 1029 985 1037 ·

337 1096 389 1158 sie
411 1097 507 1160 habes
529 1099 684 1179 loquentis
711 1115 895 1182 personam,
930 1106 963 1160 et
992 1115 1098 1161 eorum
1135 1100 1175 1161 ed

252 1198 333 1263 quos
346 1183 485 1261 ‘scripsit
508 1182 540 1242 io
562 1190 619 1261 est,
642 1185 766 1245 maioris
783 1190 815 1244 et
830 1184 965 1261 minoris,
988 1182 1099 1245 deinde
1113 1184 1175 1244 vim

252 1264 438 1343 locutionis,
470 1283 551 1346 quae
577 1275 625 1327 est
646 1268 828 1349 provocatio
852 1267 891 1329 ad
915 1268 1054 1328 meritum
1077 1268 1175 1328 hunri-

147 1405 148 1418 ,
252 1348 357 1409 litatis.
400 1348 487 1409 Haeo
506 1349 569 1411 ille.

336 1449 502 1530 Principio,
516 1449 596 1531 ·quid
615 1450 701 1529 novi,
723 1468 852 1531 quaeso,
873 1451 951 1512 haec
974 1450 1062 1513 affert
1083 1450 1173 1512 inter-

253 1530 409 1613 pretatio?
451 1530 526 1607 Quis
549 1552 682 1613 unquam
705 1536 856 1615 praecipit
885 1534 968 1615 aliis,
1003 1541 1056 1597 aut
1083 1534 1176 1597 docet

147 1611 149 1624 '
253 1616 353 1694 alios,
375 1634 467 1695 quam
489 1616 628 1680 subditos
651 1616 744 1678 suos?
787 1616 867 1691 Quid
900 1636 974 1699 ergo
1003 1619 1177 1680 necessaria

147 1703 149 1718 ‘
252 1707 302 1759 est
330 1697 487 1760 distinctio
515 1718 730 1780 personarum,
765 1700 804 1760 ad
827 1700 1060 1783 intelligendum
1094 1701 1176 1762 hunc

252 1782 354 1843 solum
377 1780 480 1843 locum
502 1782 599 1862 Petri,
633 1802 707 1863 prae
735 1785 845 1844 ceteris
869 1784 1025 1862 eiusdem,
1059 1792 1089 1845 et
1113 1804 1176 1847 om·

147 1867 149 1912 l
253 1867 336 1925 nium
372 1864 533 1926 doctorum
568 1866 746 1946 scripturis?
806 1866 855 1927 Au
895 1866 925 1927 iu
960 1868 1070 1929 ceteris
1107 1869 1175 1929 sub·

147 2051 149 2068 ·
254 2032 453 2113 apostolum?
497 2031 630 2110 Verum,
653 2034 697 2093 sic
720 2040 844 2115 oportet
863 2032 947 2115 loqui

254 1948 311 2009 (liti
335 1946 449 2010 docent
482 1949 632 2029 maiores,
666 1948 807 2031 discipuli
841 1950 1034 2033 magistrum,
1065 1960 1174 2031 gentes

981 2052 1021 2095 us
1042 2040 1166 2095 areant

147 2107 149 2170 ἒ
255 2116 308 2197 qui
330 2116 381 2176 vel
402 2116 569 2195 pessimam
592 2134 716 2179 causam
739 2122 876 2194 tuentur,
909 2080 959 2177 vel
983 2113 1082 2199 ignari
1105 2081 1176 2179 sunl

147 2195 149 2274 ζ
252 2199 409 2259 literarum
434 2218 598 2259 sacrarum.
642 2197 732 2259 Fallit
762 2204 864 2261 autem
889 2198 971 2261 luuuo
992 2200 1174 2283 locutorem,
1235 2214 1242 2227 '

253 2282 337 2363 quod
361 2280 455 2343 verba
477 2282 558 2342 Petri
586 2284 705 2343 interim
730 2285 892 2345 arbitratur
925 2302 994 2344 esse
1026 2286 1099 2345 turis
1129 2286 1174 2345 sui

252 2365 389 2446 humani,
412 2367 443 2426 in
466 2366 575 2446 quibus
598 2366 764 2448 aliquando
796 2368 928 2429 maiores
953 2374 1091 2430 statuunt
1118 2389 1174 2452 pro

253 2449 433 2510 inferiorum
455 2448 565 2528 salute,
588 2469 668 2531 quae
690 2451 776 2532 ipsos
799 2470 863 2512 non
891 2457 1029 2534 tangunt.
1072 2453 1175 2534 Atque

148 2534 150 2574 ἶ
253 2533 315 2593 hoc
337 2533 478 2594 nimirum
503 2537 566 2610 est,
596 2532 679 2615 quod
703 2553 741 2594 ex
764 2534 869 2595 divino
903 2539 1070 2618 praecepto
1086 2533 1175 2596 'Petri

148 2632 149 2649 ³
252 2615 344 2677 uobis
366 2615 635 2695 consilium'facit,
658 2617 775 2697 dicens,
798 2637 866 2678 erum
892 2637 1082 2698 provocasse
1104 2619 1175 2680 sub-

252 2699 336 2760 ditos
358 2699 398 2760 ad
420 2697 633 2780 humilitatem,
655 2699 800 2762 videlicet
821 2719 884 2762 non
897 2703 1102 2784 praecepisse,
1117 2721 1175 2764 neo

252 2781 463 2863 consuluisse,
495 2784 549 2844 sed
573 2792 717 2864 tanquam
741 2785 780 2844 ad
802 2781 981 2845 humilitatis
1015 2803 1182 2868 superero,

252 2875 360 2948 gotum
386 2872 436 2942 (ul
457 2870 589 2945 vocant)
616 2869 754 2928 meritum
778 2885 976 2948 provocasse.
1009 2867 1097 2928 Hauc
1119 2869 1174 2928 sci·

253 2953 326 3012 licet
348 2951 409 3009 vim
432 2951 462 3009 in
487 2949 644 3011 locutione
660 2951 717 3012 Dei
734 2952 894 3011 inveniunt
906 2957 1046 3032 pastores
1061 2953 1180 3030 ovium,'

253 3053 323 3094 cum
346 3031 453 3109 Petrus
464 3035 654 3176 Jtraecipiat,
677 3042 874 3116 praeceptum
901 3035 1035 3095 divinum
1065 3039 1097 3097 et
1121 3054 1174 3096 ne·

252 3119 421 3178 cessarium
444 3138 463 3176 a
485 3113 581 3177 dens:
604 3116 657 3206 Sic
675 3125 723 3178 est
745 3119 887 3178 voluntas
910 3117 976 3179 Dei.

337 3217 508 3298 Sequemur
531 3229 632 3279 waren
655 3238 779 3281 sensum
803 3219 878 3298 eius,
901 3219 951 3300 qui
974 3227 1031 3296 est,
1053 3217 1112 3280 hac
1130 3219 1174 3282 lo·

148 3314 149 3359 3
251 3304 386 3369 cationis
415 3302 443 3361 vi
477 3301 627 3362 distinctis
661 3303 818 3383 personis,
855 3321 917 3363 non
938 3303 1077 3381 Petrum,
1111 3323 1175 3366 non

148 3430 149 3463 3
251 3401 451 3450 successores
474 3386 550 3462 eius,
571 3405 634 3446 non
656 3393 793 3447 rectores
815 3387 845 3446 in
863 3385 1010 3462 ecclesia,
1034 3385 1088 3448 sed
1106 3387 1175 3450 sub-

252 3470 335 3535 ditos
359 3475 475 3530 lautum
500 3470 661 3549 provocari
683 3470 722 3530 ad
745 3470 977 3530 subiectionem.
1010 3467 1181 3537 Videamus

252 3553 327 3636 quid
349 3560 505 3632 sequatur.

336 3654 458 3731 Primo,
490 3653 598 3716 Petrus
619 3660 651 3712 et
684 3652 848 3732 pontifices
883 3660 955 3714 sunt
986 3656 1121 3735 exempti
1157 3675 1177 3718 u

254 3744 423 3822 praecepto
434 3736 504 3815 Dei,
526 3756 590 3798 non
612 3735 703 3798 decet
724 3755 780 3799 eos
804 3735 930 3798 obedire
946 3736 1027 3816 Dec,
1049 3738 1105 3803 sed
1127 3757 1175 3800 so-

253 3825 300 3889 los
323 3821 475 3884 subditos
507 3821 548 3882 Et
567 3839 635 3884 eum
656 3821 703 3880 ius
727 3839 782 3882 seu
805 3818 930 3881 verbum
954 3820 1090 3885 divinum
1113 3840 1176 3882 om·

253 3908 343 3970 nibus
385 3903 588 3985 praefigatur,
626 3904 746 3984 maguis
778 3909 809 3964 et
843 3905 963 3984 parvis,
996 3905 1176 3981 nullumque

254 3993 335 4052 sinat
356 3996 537 4068 exceptum,
571 3986 708 4048 notarius
731 3993 835 4048 mmen
857 3987 961 4067 Papae
987 3993 1173 4067 potestatem

254 4074 349 4138 habet
370 4073 526 4153 excipere,
547 4090 626 4152 quos
648 4067 741 4131 volet.
780 4069 832 4132 {te
852 4069 953 4148 vides,
986 4090 1042 4152 por
1063 4070 1173 4134 Decre-
