3075 4775
333 526 397 601 284
576 494 1021 603 muta-parmam

335 698 416 784 bium
430 724 487 798 ast,
509 738 636 819 poenas,
658 738 734 800 quas
755 720 889 783 sedacio
897 722 1025 801 requirit
1044 728 1256 803 apeooamn,

336 803 426 864 simul
450 804 560 881 requiri
583 805 726 865 arustrtra
738 803 851 879 dimna,
872 824 928 884 per
939 813 1062 885 pactum
1084 804 1259 884 quodiecit

337 906 404 948 oum
427 886 568 961 ecclesis
591 886 710 948 dicens:
754 886 967 984 Quodcunque
993 888 1139 967 ligaveris
1161 906 1259 967 super

336 977 457 1046 terram,
480 969 605 1049 ligatum
628 968 722 1042 eritlt
747 979 780 1031 et
799 972 831 1031 in
852 971 956 1031 coelis.
992 971 1051 1033 Ubi
1072 972 1157 1032 clare
1180 971 1259 1033 dicit

335 1053 423 1135 ligari
445 1052 525 1132 apud
548 1072 592 1131 se,
614 1052 696 1133 quod
719 1055 750 1113 in
772 1054 905 1115 eeclesia
926 1054 1053 1136 ligatum
1076 1061 1133 1132 est,
1156 1058 1190 1116 e't
1214 1056 1259 1115 ita

336 1144 488 1199 consonat
507 1137 623 1201 iustitia
643 1136 795 1198 ecclesiae
823 1142 856 1199 at
874 1136 934 1198 Dei
961 1156 1053 1218 super
1073 1145 1255 1217 peccatore.

337 1220 450 1281 Verum
470 1220 530 1281 hoc
547 1219 640 1281 modo
662 1219 833 1281 nonhabet
852 1239 926 1281 usus
947 1220 1103 1299 loquendi,
1125 1222 1177 1301 qui
1201 1238 1261 1301 par

336 1304 480 1363 iustitiam
513 1302 645 1363 divinam
676 1302 823 1384 intelligit
849 1302 942 1364 aliam
962 1303 1133 1378 seorsim2)
1168 1311 1260 1365 extra

282 1398 286 1403 “
336 1392 458 1467 pactum
481 1386 627 1447 iustitiam
651 1386 718 1463 Dei,
740 1386 906 1447 secundum
929 1406 1021 1465 quam
1035 1387 1170 1447 ecclesia
1192 1406 1257 1447 non

336 1470 483 1549 imposuit
503 1474 556 1529 aut
575 1469 714 1548 imponit.
757 1469 805 1529 De
827 1469 928 1542 hac⁸l
953 1469 1042 1546 dico,
1070 1472 1096 1529 si
1118 1470 1259 1531 declara-

338 1553 417 1613 toria
437 1551 594 1630 loquatur,
617 1570 679 1611 non
707 1554 734 1613 ei
756 1552 889 1613 credam.
932 1552 1037 1615 Sinam
1059 1559 1164 1613 tumen
1186 1572 1259 1613 esse

337 1634 716 1780 ididdlriontiindixiwdtoveda
728 1636 1258 1781 eppeptpffieoa'p'ogxnppippiepuiipug

423 1763 431 1792 l

338 1818 522 1881 quocunque
542 1762 729 1876 stdtuautur,
751 1802 811 1861 nisi
829 1803 904 1861 assit
925 1800 1057 1883 probata
1076 1740 1257 1944 relatioidl:

337 1903 396 1945 nec
417 1883 649 1944 declaratoriem
671 1884 790 1943 articuli
813 1886 1029 1963 cuiuscunque,
1052 1885 1111 1944 nisi
1133 1905 1191 1964 per
1233 1886 1258 1943 i·

339 1969 425 2027 vinea
447 1966 617 2045 Scripturas
639 1966 858 2042 declaraverit,
886 1986 1012 2047 quarum
1042 1986 1081 2027 ne
1102 1967 1258 2048 syllabam

338 2049 460 2130 quidem
481 2048 575 2110 habet
594 2049 868 2111 istudeclaratoria
887 2051 1024 2111 iuriatica
1043 2052 1141 2131 magis
1164 2068 1259 2129 qnam

337 2132 523 2212 theologice.
563 2168 570 2177 ·

418 2214 466 2275 An
488 2214 539 2277 hic
560 2214 633 2275 mihi
653 2214 852 2294 obstrepunt,
885 2234 1028 2294 magnam
1056 2222 1087 2273 et
1108 2212 1253 2273 infallibi·
1357 2216 1363 2231 ’

337 2298 398 2359 lom
420 2316 489 2358 esse
514 2297 709 2359 autoritatem
732 2298 893 2375 ecclesiae,
916 2317 996 2377 quae
1006 2297 1121 2376 Spiritu
1141 2303 1253 2357 sancto

337 2385 468 2460 regetur.
501 2378 641 2478 Denique
662 2382 747 2442 iuxta
759 2380 978 2462 Augustinum:
1000 2378 1173 2461 Evangelio
1188 2399 1255 2440 non

338 2462 504 2540 crederem,
528 2465 585 2524 nisi
608 2464 758 2524 ecclesiae
765 2463 940 2524 crederem.
972 2465 1030 2526 Hic
1051 2482 1127 2524 sane
1140 2481 1260 2522 norum

336 2546 464 2628 pelagus
487 2545 704 2626 disputationis
726 2547 934 2627 navigandum
957 2553 1013 2607 eat.
1057 2547 1153 2624 Dico,
1176 2546 1262 2606 sicut

338 2630 431 2710 paulo
455 2635 526 2690 ante
551 2629 624 2704 dixi
647 2649 788 2710 magnam
812 2637 843 2691 et
863 2629 1055 2690 infallibilem
1066 2637 1137 2689 ease
1159 2628 1258 2689 ecclc·

339 2714 404 2774 aiae
425 2713 630 2790 autoritatem,
653 2713 735 2792 quod
754 2714 859 2792 spiritu
874 2712 984 2773 Christi
1006 2719 1139 2792 regatur,
1162 2712 1259 2791 pleno

340 2795 432 2857 corde
466 2793 624 2858 confiteor.
680 2795 738 2856 Sed
774 2795 974 2874 iurisperditis
1006 2793 1189 2874 quibusdam
1228 2802 1262 2855 ct

339 2871 580 2942 assentatoribus
593 2877 746 2959 theologis
759 2878 905 2939 debemus
920 2878 1001 2938 hano
1012 2877 1260 2977 intelligentiam,

340 2961 422 3058 quod
445 2961 577 3022 ecclesia
597 2959 638 3020 ibi
660 2981 716 3040 pro
730 2962 857 3022 notariis
877 2967 910 3021 et
929 2960 1183 3057 poeniteptidriis,
1206 2967 1263 3020 aut

340 3045 493 3126 magistris
516 3043 620 3122 palatii
643 3043 747 3124 Papae
767 3045 917 3124 accipitur
945 3045 1064 3118 (nam'
1054 3044 1115 3124 ipsi
1136 3041 1260 3122 pontiti-

340 3147 391 3188 oca
413 3146 482 3190 raro
506 3127 561 3188 has
583 3145 632 3188 res
654 3134 800 3201 curant),¹
823 3146 891 3187 oum
909 3126 954 3188 de
973 3125 1138 3187 universali
1160 3131 1260 3186 eccla

341 3211 387 3272 sia
409 3217 474 3272 tota
494 3210 651 3289 loquatur,
680 3228 742 3272 non
764 3209 803 3272 de
824 3211 985 3271 Romanae
1013 3209 1164 3269 ecclesiae
1185 3227 1261 3288 qua·

341 3291 410 3352 dam
439 3312 547 3372 perra
580 3297 611 3352 et
642 3311 863 3373 nonnunquam
895 3293 1043 3352 vilissima
1070 3298 1166 3372 parte.
1220 3289 1263 3352 Et

339 3374 411 3438 inde
431 3374 580 3438 habemus
601 3376 693 3436 etiam
714 3375 814 3436 bullas
831 3382 863 3436 et
883 3374 1078 3498 definitiones
1100 3394 1139 3435 ax
1163 3373 1261 3452 Urba,

270 3513 272 3521 s
346 3457 453 3540 dignes
475 3458 528 3520 tali
551 3457 691 3519 ecclesie
865 3476 869 3478 ’
1289 3469 1296 3476 ’

444 3540 492 3602 Ad
514 3543 707 3602 autoritatem
730 3541 892 3622 Augustini
913 3540 983 3603 dico
1005 3491 1153 3637 prinpum:

401 3623 479 3684 Esse
501 3624 565 3684 eius
583 3624 736 3704 vulgatam
751 3623 1137 3721 quorundamaautentiam
1159 3622 1261 3683 hanc:

340 3706 511 3788 Evangelio
533 3717 595 3766 nou
609 3706 776 3784 crederem,
797 3707 853 3767 nisu
846 3707 1017 3768 ecclesiae
1039 3707 1208 3781 crederem,
1229 3704 1261 3766 id

342 3798 400 3871 cst,
422 3791 490 3871 plus
513 3788 605 3849 credo
629 3789 789 3864 ecclesiae,
811 3809 903 3869 quam
919 3789 1101 3870 Evangelio.
1123 3788 1165 3849 Et
1178 3787 1262 3868 quod

396 3961 664 4028 insonueris.
701 3961 791 4028 ligata
807 3966 896 4014 erunt.
951 3959 983 4014 2t
1003 3960 1085 4014 luia:
1121 3975 1261 4013 saonam.

342 4034 374 4097 3)
394 4034 477 4092 Ibin:
496 4036 610 4102 dehoc·
647 4028 680 4102 4)
701 4031 782 4087 tutu:
801 4031 942 4094 revelatio
1010 4042 1046 4082 ,·
1160 4076 1165 4084 .
