3075 4775
484 516 625 584 roudus
643 519 754 585 uuum
773 517 812 572 uo
828 522 954 586 nomn·
1123 519 1193 594 tou

267 724 326 769 noo
349 709 410 774 tam
435 705 475 768 de
495 707 633 787 paeoniis
653 708 784 786 nostrie,
814 726 906 787 quam
927 707 968 778 de
988 710 1216 782 remanentia

265 787 417 851 sollicitos
439 808 510 852 ease
530 791 688 855 convenit.

348 871 447 935 Video
469 879 573 937 autam
595 874 646 941 bio
667 872 856 936 monendum
877 893 962 953 esee,
995 878 1027 936 et
1055 875 1125 954 quid
1149 877 1189 936 sit

265 956 404 1026 uenerari
427 963 631 1034 sacramenta,
652 962 684 1018 et
705 975 786 1037 quae
808 976 913 1018 eorum
935 957 982 1018 vir
1004 959 1052 1020 sit.
1090 958 1187 1028 Porro

264 1039 508 1103 deveneranda
539 1048 627 1119 sunt,
658 1048 692 1107 ut
723 1038 831 1101 medas
861 1060 935 1102 uera
962 1061 1049 1117 esee,
1081 1048 1112 1101 et
1134 1041 1211 1105 tibi·

266 1123 375 1185 donari
407 1141 530 1202 quoque
562 1125 667 1190 omnia
691 1123 761 1201 illa,
801 1141 880 1202 quae
910 1143 965 1202 per
993 1126 1210 1194 sacramenta*

266 1204 493 1286 signifioantur,
522 1208 596 1268 item
620 1226 699 1286 quae
721 1226 740 1267 a
760 1206 828 1269 Deo
852 1205 1007 1281 dicontur,
1029 1214 1063 1266 ut
1084 1207 1194 1278 dioena

264 1287 338 1350 illud
360 1289 475 1352 Mariae
497 1291 613 1371 poesie:
641 1290 709 1351 Fiat
735 1289 809 1351 mihi
837 1296 868 1350 et
898 1290 1067 1352 seeundum
1094 1291 1190 1352 verba

265 1379 298 1434 at
317 1373 408 1452 signa
427 1380 489 1437 tua.
532 1372 610 1435 Nam
642 1392 712 1435 oum
733 1372 859 1440 verbum
888 1381 919 1434 et
948 1375 1069 1453 signum
1092 1372 1147 1444 tibi
1169 1393 1188 1438 a

265 1454 438 1533 sacerdote,
460 1457 512 1534 qui
522 1456 581 1516 Dei
603 1457 670 1516 vioe
692 1456 835 1534 iungitur,
857 1462 1080 1537 proponantur,
1102 1455 1187 1528 nulla

148 1580 149 1595 2
265 1540 384 1600 maiore
398 1538 593 1601 'wutumelia
613 1537 695 1598 affioi
724 1545 756 1600 et
784 1539 911 1600 verbum
934 1546 966 1600 et
987 1541 1107 1620 signum
1129 1540 1194 1607 Deir

264 1630 402 1702 poterat,
437 1642 530 1700 quam
558 1623 584 1682 si
606 1621 645 1683 de
672 1620 733 1682 lide
753 1622 850 1702 ipsius
872 1622 1009 1702 dubites,
1043 1621 1194 1700 quemad,

264 1704 391 1767 modum
414 1723 538 1784 quoque
559 1706 678 1766 maiore
699 1705 820 1766 honore
843 1705 924 1769 alliot
943 1706 1025 1768 Deus
1047 1724 1109 1768 uon
1132 1725 1186 1785 po-

264 1795 335 1865 test,
359 1807 449 1868 quarn
472 1789 627 1853 simelae
650 1788 843 1866 diluturum,
867 1795 900 1850 ut
914 1789 1067 1870 promisso
1083 1788 1186 1852 faeiat.

349 1871 466 1954 Sexto,
494 1878 756 1935 sacramentorum
780 1872 840 1932 vim
863 1877 926 1932 turn
945 1873 1079 1934 maxime
1099 1871 1187 1937 intel·

264 1956 361 2037 ligea,
390 1956 415 2025 oi
436 1956 521 2016 noris
548 1962 656 2032 antea,
690 1973 843 2032 quaenam
874 1954 929 2017 illa
959 1954 1038 2031 sint,
1079 1961 1187 2018 eonba

265 2058 348 2121 quae
376 2038 570 2118 potissimum
601 2045 749 2118 pugnent.
793 2035 870 2098 Sunt
897 2042 999 2100 autern
1022 2038 1093 2112 tria,
1129 2038 1186 2116 pri·

265 2141 348 2182 mum
373 2127 421 2182 est
440 2120 594 2190 horrenda
616 2121 716 2180 tocies
742 2121 866 2198 mortis,
903 2120 1069 2185 seeundum
1091 2121 1195 2186 faoiea

263 2206 397 2287 peceati,
418 2206 541 2268 tertium
554 2204 690 2269 infernus
713 2209 745 2263 et
761 2209 887 2277 aeterna
899 2203 1067 2266 damnatio.
1091 2204 1186 2264 Porro

264 2287 507 2367 unumquodque
531 2287 641 2349 horum
672 2288 771 2353 maius
799 2292 830 2352 et
851 2287 1073 2356 formidabilius
1096 2286 1187 2348 affici-

264 2381 323 2450 tur,
346 2373 372 2436 ni
394 2371 508 2433 etalio
529 2370 681 2451 quaedam
703 2369 862 2433 aooedant.

349 2455 429 2519 Nam
457 2474 540 2516 mors
570 2462 633 2515 turn
663 2453 787 2513 demum
809 2453 984 2517 horribilior
1012 2461 1043 2515 et
1065 2454 1188 2534 gravior

265 2558 337 2601 eoae
359 2538 494 2616 videtur,
526 2557 595 2599 oum
617 2543 742 2614 natura,
763 2536 879 2615 alioqui
902 2535 1062 2596 imbecillis
1085 2543 1116 2595 et
1137 2535 1187 2598 da-

266 2630 405 2704 sperata,
433 2622 529 2701 ipsius
549 2622 716 2702 imaginem
738 2618 893 2698 quandam
915 2620 1019 2679 animo
1043 2619 1187 2698 aonoipit,

266 2712 300 2767 et
321 2707 354 2765 in
376 2724 445 2769 eam
462 2711 530 2768 tota
549 2703 656 2785 defigit
678 2702 798 2766 oeulos.

350 2788 513 2852 Atrooiora
534 2794 635 2850 autam
657 2786 711 2849 illa
732 2784 823 2863 liunt,
856 2803 924 2843 oum
949 2782 1042 2844 Satan
1065 2778 1189 2862 quoque

266 2872 407 2950 aooedit,
439 2871 491 2936 ille
518 2866 600 2934 'enim
629 2867 742 2945 efficit,
769 2874 814 2927 ot
838 2866 991 2927 horribilis
1013 2871 1044 2927 et
1063 2867 1188 2927 terroris

266 2955 362 3036 plena
389 2956 497 3016 mortis
523 2954 619 3015 lanies
652 2952 744 3016 altius
778 2951 883 3013 animo
912 2950 1121 3029 imprimatur,
1157 2955 1190 3012 ut

266 3039 381 3103 baras
403 3038 524 3102 animus
545 3037 604 3097 illo
621 3036 733 3096 intuitu
753 3034 933 3098 ouooombat
948 3039 979 3093 et
999 3031 1152 3111 desperet.

351 3120 578 3200 Nonnunquam
601 3120 694 3181 etiam
709 3116 804 3179 Satan
828 3118 927 3177 omnis
942 3118 1073 3197 generis*
1087 3134 1189 3177 exem·

268 3205 322 3284 pla
343 3205 511 3281 bonvaria,
534 3202 644 3283 quibua
665 3220 723 3261 noe
746 3205 879 3277 euertat,
906 3198 1067 3262 horribiles
1088 3199 1189 3261 interi-

268 3295 339 3364 tus,
365 3286 508 3368 indignae
530 3286 658 3375 caedes,
682 3284 784 3347 subita
804 3284 867 3347 lata
888 3283 991 3345 animo
1015 3280 1135 3359 obiicit,
1158 3282 1190 3341 iu

270 3372 450 3438 memoriam
470 3368 597 3450 redigit,
630 3366 775 3448 quioquid
803 3385 937 3445 unquam
965 3364 1016 3425 vel
1036 3365 1094 3444 ipsi
1116 3362 1190 3425 vidi-

148 3445 149 3454 *
270 3474 338 3514 mua
360 3454 411 3513 vel
432 3453 563 3534 legimus
583 3450 706 3530 alieubi,
728 3469 820 3529 quarn
842 3451 954 3511 misere
976 3446 1100 3526 quidam
1124 3468 1190 3529 per-

268 3538 371 3599 ierint.
830 3589 832 3597 ,
938 3576 942 3584 1

300 3660 306 3677 .
355 3618 449 3688 Addit
480 3626 640 3699 praeterea
660 3617 807 3681 iudicium
835 3622 866 3676 et
892 3616 966 3676 irarn
989 3613 1063 3691 Dei,
1099 3632 1190 3692 quam

271 3722 383 3783 ganum
420 3708 451 3766 et
482 3701 642 3770 horribiles
679 3718 798 3780 poenas
832 3699 863 3760 in
899 3703 1078 3779 peccatores
1107 3697 1191 3757 Daue

272 3786 474 3855 constituerit

357 3867 453 3935 Addit
478 3869 551 3932 itera
580 3866 723 3947 exempla
743 3864 888 3941 illorum,
921 3881 998 3943 quoa
1021 3862 1104 3923 Deus
1124 3880 1192 3940 gra

271 3954 351 4022 viter
372 3952 500 4033 punivit.

262 4039 269 4051 ‘
356 4036 450 4109 Porro
473 4021 580 4104 omnia
599 4032 654 4100 illa
674 4031 745 4102 ideo
761 4034 942 4112 exaggerat,
957 4033 994 4090 ut
1015 4034 1098 4101 oratu
1112 4045 1192 4089 mor·
