3075 4775
345 524 409 591 384
497 527 592 581 ResoL
611 528 639 582 L
658 543 720 598 sup.
730 529 822 598 -i’rop
842 528 914 585 1111.
933 528 1042 598 depot.
1061 530 1159 598 Pnpse.

346 714 443 775 olesiu
465 722 609 794 vocetur,
643 713 725 794 quod
747 733 804 775 rex
831 719 939 775 nostei·
966 732 1028 775 non
1056 714 1190 792 videtur,
1213 715 1270 775 sed

346 798 494 873 creditur,
524 799 604 858 sicut
629 803 654 860 1.
686 797 823 860 Corinth.
848 802 892 861 15.
918 797 1007 859 dicit:
1032 798 1163 878 Oportet
1184 798 1270 857 ilium

346 900 493 961 regnare,
526 880 628 942 donec
649 888 746 961 ponet
766 882 909 941 inimicos
931 899 1005 941 suos
1026 881 1193 942 scabellum
1215 900 1269 962 pe·

347 963 418 1025 dum
441 984 581 1040 suorum,
613 973 644 1024 et
667 975 740 1024 tunc
762 964 863 1024 trudet
883 982 1010 1044 regnum
1033 965 1099 1025 Deo
1122 972 1155 1024 ct
1175 964 1268 1025 Puri.

349 1053 390 1112 nt
410 1048 441 1107 hi
464 1068 591 1128 regnum
624 1067 723 1107 rerum
745 1047 951 1127 praesentium
974 1047 1102 1120 fuciunt,
1132 1046 1204 1107 dum
1226 1049 1269 1107 vi-

347 1132 435 1192 sibile
457 1141 549 1212 caput
570 1133 699 1211 erigunt.
742 1128 821 1191 Nem
851 1140 882 1191 et
913 1138 1029 1192 mortuo
1051 1130 1198 1211 pontifice
1220 1150 1270 1191 ec

346 1213 444 1275 closis
465 1234 528 1277 non
551 1222 599 1275 est
619 1214 686 1273 sine
710 1215 827 1293 capite,
857 1232 910 1273 cur
932 1233 1006 1293 ergo
1028 1216 1098 1275 vivo
1121 1212 1270 1293 pontifice

347 1299 485 1359 Christus
517 1316 580 1357 non
611 1315 667 1376 pro
696 1299 798 1377 cupite
825 1297 909 1357 solus
931 1297 1080 1357 hebetur?
1123 1299 1171 1357 An
1196 1298 1269 1358 vivo

346 1381 532 1461 pontifice¹J
558 1380 649 1458 cedit,
672 1387 704 1440 ct
726 1388 846 1441 mortuo
870 1379 1017 1457 succedit,
1038 1380 1121 1440 velut
1143 1380 1270 1460 quidum

346 1465 483 1525 alternus
505 1463 661 1544 pontifex,
695 1465 720 1523 si
743 1471 890 1523 autemst
913 1464 984 1523 vivo
1009 1462 1155 1543 pontifice
1178 1472 1272 1545 ceput

347 1555 404 1626 est,
424 1554 459 1607 ut
480 1546 551 1626 quid
574 1547 636 1607 duo
659 1548 761 1626 cupito
782 1547 813 1605 in
836 1545 969 1607 ecclesis
990 1546 1174 1607 statuimus?

651 1712 969 1773 Concludo

431 1880 538 1941 Omnis
561 1879 748 1940 sacerdos
740 1899 772 1938 sn
794 1880 925 1939 articulo
949 1886 1029 1939 niort
1030 1881 1054 1939 is
1082 1886 1113 1938 et
1137 1881 1271 1939 necessi·

347 1964 418 2024 tntis
442 1971 490 2024 est
511 1964 691 2045 episcopus,
722 1971 770 2022 est
791 1961 890 2041 Papo,
919 1961 1036 2023 hebens
1058 1961 1270 2042 plenissimum

346 2047 568 2127 plenitudinem
590 2047 752 2143 potestatis
774 2064 867 2124 super
889 2043 1108 2122 confitentem,
1130 2052 1165 2104 ut
1187 2054 1272 2105 tenet

347 2132 504 2189 sententie
525 2130 697 2189 communis
719 2131 812 2189 totius
835 2128 1002 2204 ecclesiae,
1031 2136 1062 2189 et
1089 2128 1186 2191 ch.
1213 2128 1271 2208 Cy·

329 2213 445 2292 ,prieni
480 2212 619 2291 epistolis
655 2213 816 2273 evidenter
844 2212 1043 2276 convincitur.
1094 2210 1178 2291 Ergo
1215 2230 1272 2271 nec

348 2295 432 2375 Popu
452 2303 500 2354 est
520 2296 684 2375 episcopis,
708 2314 767 2355 neo
782 2295 947 2375 episcopus
969 2303 1016 2355 est
1029 2296 1168 2375 superior
1189 2314 1271 2375 pres-

347 2377 462 2459 byteris
489 2379 555 2440 iure
583 2378 704 2458 divino,
741 2384 826 2440 tenet
853 2381 1092 2458 consequentia,
1123 2378 1196 2457 quiu
1223 2378 1269 2438 ius

346 2461 482 2523 divinum
504 2472 552 2523 est
569 2463 758 2524 immutabile
771 2470 849 2584 tum²
860 2463 890 2521 in
905 2462 977 2541 vitu,
994 2481 1092 2542 quum
1115 2464 1146 2522 in
1162 2470 1271 2525 morte.

460 2629 490 2689 Si
514 2629 586 2709 quid
608 2631 736 2709 requiris
745 2545 900 2709 1²:331in
922 2627 993 2687 uiibi
1016 2629 1165 2690 invenies.

404 2795 473 2856 Et
466 2816 495 2855 un
519 2803 600 2856 ternu
622 2815 684 2876 pex
706 2795 881 2857 hominibus
906 2795 1007 2858 bcnee
1030 2795 1208 2859 voluntatis

386 2917 521 2924 m..

384 2969 461 3030 1)in
482 2966 524 3021 ed
544 2969 650 3036 putore:
664 2919 803 3035 pontiiici.
824 2966 1020 3028 211bidemin
1042 2969 1095 3018 fine
1109 2973 1217 3020 tentum
1239 2972 1273 3020 le·

346 3041 435 3108 gitur:
458 3039 517 3092 Soli
537 3039 597 3094 Deo
616 3040 716 3107 gloria.
