3075 4775
312 547 318 556 ’
349 556 392 628 68
558 555 712 630 Disputatio
729 555 838 630 lipsiae
854 557 947 614 habita
965 576 989 613 a.
1011 553 1068 613 xlx

350 747 550 824 notissimus,
582 745 729 808 Nicolaus
752 744 892 807 cunnus
912 743 1137 812 humanorum
1159 744 1274 806 doctis·

352 832 446 890 simus
468 849 536 890 cum
559 829 695 910 pluribus
715 829 794 907 aliis,
816 833 850 889 nt
870 827 976 893 obiicit
995 827 1070 888 mihi
1085 827 1275 889 reverendus

298 937 304 964 ι
351 915 456 989 Pater,
481 911 727 992 inquisitoribus,
752 919 912 992 praetereo
926 909 967 993 ¹).
1011 910 1115 986 Quare
1136 922 1199 972 non
1221 911 1275 971 dc

350 997 472 1057 fuerunt
495 995 655 1072 Bohemis,
678 996 729 1076 qui
752 995 836 1056 bona
856 993 1041 1073 scriberent,
1064 994 1119 1055 scd
1141 995 1200 1075 ipsi
1220 994 1294 1086 ‹lc-⁴⁴

349 1080 484 1157 luerunt,
514 1079 564 1158 qui
592 1080 628 1138 in¹
646 1079 765 1140 haeresi
788 1078 935 1140 obstinati
962 1077 1046 1138 hona
1072 1097 1135 1138 non
1163 1096 1274 1157 seque-

350 1167 463 1224 rentur.
779 1191 782 1197 ‚
1129 1181 1133 1194 “

432 1246 479 1306 De
501 1244 619 1326 graecis
648 1243 768 1305 Sanctis
803 1243 935 1303 diximus
956 1245 1100 1323 saepius,
1127 1243 1182 1304 sed
1212 1243 1277 1304 hoc

353 1327 539 1392 horrendum
561 1326 702 1388 omnibus
726 1326 838 1387 Christi
859 1325 1000 1387 fidelibus
1030 1346 1100 1388 esse
1132 1326 1275 1405 arbitror,

356 1411 439 1491 quod
460 1410 648 1472 reverendus
670 1409 760 1469 Pater
782 1417 890 1470 contra
911 1417 973 1469 tam
996 1416 1135 1471 sanctium
1158 1417 1196 1469 et·
1209 1409 1277 1470 lau-

356 1495 458 1562 dabile
480 1492 719 1554 Constantianos
741 1485 913 1554 Ooncilium
937 1500 1023 1553 tanto
1046 1511 1199 1553 consensu
1228 1496 1276 1554 to·

268 1601 275 1614 ·
352 1580 410 1638 tius
424 1576 651 1638 christianitatis
662 1583 883 1655 congregatum
896 1594 959 1635 nnn
973 1576 1095 1637 veretur
1107 1575 1275 1653 dicerem-

352 1660 462 1720 ticulos
483 1660 604 1738 aliquos
622 1658 794 1718 Hussiticos
816 1658 1060 1736 atVuiklellicos
1080 1659 1175 1719 brisso
1196 1658 1275 1720 chri-

352 1743 555 1807 stianissimos
578 1750 609 1802 et
630 1741 841 1822 evangelicos.

388 1825 471 1908 (Non
505 1832 552 1886 est
580 1843 702 1901 verum,
740 1823 824 1903 quod
856 1824 1232 1886 contrellcnstantiensa

479 1983 481 1988 Ι
581 1908 753 1969 Consilium
776 1907 896 1968 loeutus
918 1908 976 1968 sim
998 1908 1048 1985 ⁸²).
1101 1961 1106 1969 .

434 2044 545 2105 Ennius
568 2052 676 2105 contra
698 2041 806 2125 offert,
835 2062 869 2102 se
890 2041 1100 2122 'probaturum
1122 2062 1162 2102 ex
1183 2041 1275 2104 dictis

351 2135 382 2190 et
403 2129 634 2208 scriptis,‹quos
657 2146 720 2186 non
741 2127 842 2206 possit
853 2125 1034 2186 universalis
1047 2125 1179 2186 ecclesia
1190 2125 1276 2186 dam-

349 2230 443 2290 nare,
479 2211 558 2270 sicut
579 2211 712 2290 pessime
734 2215 841 2286 sonat,
872 2209 976 2287 inique
1005 2227 1073 2269 esse
1096 2209 1278 2269 damnatum

349 2294 507 2354 articulum
543 2293 628 2353 illum
651 2292 853 2369 Hnssiticum,
882 2290 921 2352 de
948 2292 1135 2353 necessitate
1165 2292 1276 2361 salutis

349 2363 439 2439 Ro'm.
469 2372 632 2439 ecclesiam
666 2375 733 2436 aliis
757 2377 961 2456 superiorem,
991 2374 1030 2436 de
1058 2395 1118 2455 quo
1148 2374 1274 2455 quidem

350 2461 432 2522 dicto
454 2456 583 2521 Bohsmi
612 2477 674 2520 non
698 2460 849 2519 immerito
874 2458 1048 2536 exsultant,
1071 2466 1103 2519 et
1123 2458 1184 2519 hoc
1206 2478 1275 2520 ora

350 2542 482 2605 tionibus
506 2544 567 2603 suis
580 2542 660 2622 apud
673 2542 772 2603 Deum
784 2541 1027 2623 postulaverunt,
1044 2561 1148 2602 verum
1161 2562 1189 2601 m
1234 2562 1278 2603 na

350 2628 501 2688 ecclesias
533 2628 658 2687 iactura.
697 2624 787 2703 Quod
813 2626 909 2699 (sicut
930 2624 965 2685 B.
987 2625 1177 2706 Augustinus
1200 2624 1275 2686 cibi

349 2711 565 2788 ratiocinatur)
590 2710 614 2769 si
638 2708 733 2769 ullum
746 2707 939 2769 mendacium
961 2707 1001 2769 ad
1022 2727 1125 2769 sacras
1140 2707 1275 2788 Scriptu—

248 2826 252 2831 -
349 2814 399 2855 ras
420 2792 510 2854 luerit
532 2792 709 2871 admissum,
732 2797 799 2855 tota
821 2792 879 2852 erit
899 2791 938 2852 de
959 2792 1088 2853 veritate
1118 2799 1276 2873 suspecta.

319 2942 323 2950 ¹
350 2878 397 2941 Ite
418 2884 449 2937 et
469 2874 760 2938 damnatiHussitae
782 2875 943 2936 reverendi
966 2874 1063 2935 Patris
1084 2874 1151 2935 fulti
1172 2880 1277 2955 patro-

351 2962 431 3022 cinio
454 2956 562 3041 procul
584 2958 676 3021 dubio
694 2956 948 3031 (Mendaciumi‘)
974 2966 1022 3018 est
1049 2957 1279 3038 impudentissi-

351 3036 449 3119 mrim)
476 3042 585 3104 dicturi
609 3048 694 3101 sunt:
718 3040 750 3104 si
775 3041 939 3103 concilium
965 3042 1077 3102 erravit
1094 3043 1126 3101 in
1140 3040 1187 3101 his
1201 3041 1281 3106 duo·

351 3124 407 3186 bns
430 3126 563 3187 articulis
586 3124 863 3205 christianissimis,
895 3124 938 3184 ita
966 3124 1031 3185 eius
1053 3124 1134 3205 apud
1157 3143 1214 3185 nos
1243 3126 1277 3185 in

351 3208 418 3269 aliis
440 3209 576 3270 articulis
599 3206 755 3268 vacillabit
776 3209 935 3270 autorims.

430 3286 518 3352 Unde
538 3293 569 3351 in
591 3312 625 3351 re
646 3292 728 3370 prius
747 3291 954 3353 condemnata
975 3288 1054 3351 nolo,
1071 3289 1160 3371 plura
1180 3290 1279 3351 verba

353 3373 525 3454 prodigere,
547 3373 587 3435 ad
610 3373 681 3453 quid
706 3374 864 3455 cogendus
886 3375 926 3434 sit
938 3372 1127 3435 Christianus
1149 3381 1202 3433 sut
1223 3372 1278 3433 ad-

241 3513 244 3523 ,
353 3456 534 3533 mittendus,
567 3456 627 3518 hoc
658 3456 727 3518 dico
755 3458 919 3519 autoritate
946 3456 1077 3517 concilii
1096 3454 1154 3516 ‘vel
1185 3456 1279 3518 Rom.

357 3538 515 3599 Pontifiois
536 3538 612 3619 fieri,
637 3547 669 3602 ut
692 3542 845 3601 sententia
866 3540 933 3600 sine
943 3540 1118 3623 suspicione
1139 3538 1279 3600 haeresis

356 3621 480 3683 defendi
502 3642 564 3684 non
587 3626 694 3705 possit,
717 3643 796 3705 quae
817 3622 955 3703 alioquin
978 3624 1053 3684 citra
1073 3620 1145 3715 fidei
1166 3620 1281 3684 laesio·

608 3778 775 3788 »μ-ᾳ--η-φ-

343 3836 346 3841 Ι
387 3864 417 3924 1)
440 3862 576 3915 Loeschcr
595 3864 634 3916 ita
652 3862 845 3917 excudendum
863 3864 992 3916 curavit:
1012 3863 1111 3929 Pater3
1131 3862 1284 3932 Inquisito-

352 3950 396 3987 rss
415 3940 567 4002 praetereo.
590 3987 599 3997 ,

352 4006 531 4132 Βῃῑέθξιιιηῗᾱ.
555 4007 656 4075 origin.
680 4006 727 4060 hic
752 4008 781 4059 in
802 4007 929 4085 margine
955 4005 1078 4075 legiturt
1105 4007 1282 4062 Protesta'tur
