3075 4775
304 514 367 583 316
517 516 612 576 sset
630 517 658 573 h.
677 533 764 589 super
780 519 973 589 stopodtlone

215 720 224 742 ·
305 703 388 765 eliud
407 704 470 766 ists
489 703 585 765 verbs
605 703 810 786 oonoludsntl,
837 706 896 767 uisi
918 724 1003 767 neve
1024 704 1230 786 grammatos

303 806 375 848 usus
396 785 499 847 disse:
530 787 562 849 Si
584 787 686 867 diligis
708 808 773 866 ms,
794 808 891 868 usses
912 808 990 851 ores
1012 806 1120 866 mess,
1142 787 1226 849 idern

304 871 368 1014 sit,l
395 870 506 1035 ‘1¹¹⁰dla)
529 872 555 931 si
577 871 679 952 diligis
701 878 748 945 te,
784 878 852 933 esto
875 873 990 951 primns
1012 890 1108 951 snper
1129 877 1227 933 toturn

301 970 465 1015 eooesrsur
510 1000 518 1018 .
1106 1018 1110 1025 ,

389 1038 516 1099 Rectius
538 1056 613 1119 ergo
628 1037 737 1099 lnoies:
761 1038 793 1099 Si
815 1038 877 1098 hos
900 1037 1025 1099 verbum
1041 1038 1154 1100 Christi
1175 1056 1228 1099 so·

304 1120 402 1200 olpiss
423 1140 480 1200 pro
503 1120 734 1200 exhortatione,
767 1122 831 1183 imo
861 1127 1046 1201 praesepto,
1072 1140 1143 1199 ,uon
1166 1140 1228 1200 quo

304 1222 380 1265 oves
402 1204 441 1263 nd
463 1203 697 1283 subleotionesn,
718 1204 775 1265 sed
798 1223 860 1283 quo
881 1211 1029 1284 pastores
1046 1202 1085 1265 sd
1098 1204 1229 1285 diligen·

303 1286 375 1347 dum
396 1287 551 1347 Christum
572 1294 605 1347 et
624 1287 816 1367 poscendum
837 1288 984 1368 populum
1008 1289 1228 1367 astringantur.

304 1368 400 1432 Porro
422 1370 548 1432 dileetio
571 1369 686 1434 Christi
709 1374 765 1448 [ut
786 1372 820 1433 B.
843 1371 1034 1451 Augustinus
1057 1370 1107 1431 hie
1130 1390 1228 1450 expo·

304 1451 373 1536 uit)
392 1456 484 1515 etism
508 1455 587 1514 morl
607 1473 664 1534 pro
686 1454 796 1515 ovibus
818 1454 930 1515 Christi
953 1455 1088 1534 requirit.

384 1537 487 1616 Atque
503 1538 619 1598 utinam
639 1537 701 1598 hoo
721 1538 849 1599 verbum
870 1537 909 1598 sd
932 1557 966 1599 se
987 1538 1141 1617 pertinere
1164 1556 1229 1597 ore-

304 1619 413 1681 derent
433 1620 566 1681 Romani
582 1620 759 1700 pontones:
776 1622 863 1682 Hneo
877 1628 925 1681 est
938 1623 1020 1681 enim
1031 1621 1127 1681 totius
1142 1620 1227 1681 orbis

303 1703 442 1783 querele,
479 1702 563 1783 quod
585 1704 782 1767 dileetionem
813 1711 845 1766 st
865 1703 1036 1766 doetrinsm
1059 1703 1126 1764 aliis
1148 1703 1228 1763 rele-

302 1792 413 1869 gentes
444 1786 485 1847 nd
516 1806 551 1847 se
583 1787 659 1849 nihil
692 1795 803 1869 putent
834 1788 996 1868 pertinere.
1047 1786 1229 1867 intelligunt

302 1871 398 1946 enim,
430 1870 509 1932 hseo
539 1871 634 1932 verbo
659 1870 699 1931 sd
727 1872 880 1952 populum
909 1871 1077 1951 pertinere,
1116 1875 1151 1929 ut
1171 1886 1229 1949 per

302 1972 383 2033 quse
403 1972 518 2035 eogere
539 1955 579 2016 sd
601 1953 824 2017 subieotiouem
847 1972 956 2016 omnes
978 1953 1100 2014 volunt:
1131 1958 1164 2013 et
1183 1958 1228 2013 ts·

303 2056 373 2097 men
395 2056 511 2117 psseuo
532 2045 564 2098 et
583 2037 721 2099 nuditum
744 2038 829 2099 verbi
853 2036 955 2120 (quod
976 2036 1072 2097 verbs
1090 2036 1224 2115 sonent)

300 2138 392 2181 nemo
410 2140 450 2180 ex
471 2122 508 2179 lis
522 2121 717 2202 intelligito.
760 2121 788 2183 Ο
809 2121 885 2181 felix
893 2120 1035 2198 -smhitio,
1058 2119 1165 2199 siquis
1179 2138 1228 2179 us·

303 2221 394 2282 qusm
417 2204 613 2279 inveniretur,
637 2206 688 2282 qui
712 2206 848 2266 omnium
861 2204 972 2265 Pastor
995 2222 1064 2264 esse
1085 2201 1227 2264 ambiret.

301 2284 377 2361 Quis
399 2286 481 2345 huus
502 2305 565 2347 non
579 2286 782 2349 libentissime
803 2286 1001 2349 admitteret?
1023 2284 1229 2346 Nunosutem

206 2382 217 2412 ⁸
304 2367 436 2430 libenter
457 2370 639 2450 permittunt
660 2372 832 2452 onionnqus
856 2370 1004 2451 diligendi
1026 2374 1057 2430 et
1077 2368 1227 2449 poscendi

301 2450 447 2529 officium,
468 2453 528 2514 sihi
549 2473 625 2516 vero
647 2455 767 2516 titulum
792 2454 940 2536 diligendi
962 2461 994 2514 et
1014 2451 1174 2533 poscendi,
1196 2459 1229 2513 et

301 2554 381 2616 quoe
402 2537 523 2598 titulum
546 2544 730 2617 sequuntur,
765 2539 853 2599 luere
873 2538 992 2598 seilicet
1019 2542 1050 2598 et
1078 2536 1227 2614 honores,

301 2627 472 2681 reservent.
515 2621 631 2682 Desine
651 2623 758 2700 itsque
780 2642 799 2682 s
822 2622 922 2683 verbis
946 2620 1058 2682 Christi
1081 2626 1228 2698 torquen-

300 2701 366 2779 dis,
388 2705 460 2782 quis
480 2723 535 2780 es,
557 2724 638 2784 quse
658 2724 714 2784 per
729 2705 791 2766 hoe
805 2703 944 2785 pontrfior
962 2702 1079 2780 tnhurs,
1102 2703 1229 2782 penitus

301 2786 458 2862 unierunt,
481 2792 513 2848 et
533 2789 639 2848 omnis
661 2807 701 2848 en
721 2790 893 2869 imponunt,
918 2805 997 2866 quse
1022 2803 1085 2845 non
1109 2785 1229 2864 tribuis,

301 2875 333 2930 et
352 2869 405 2930 ills
427 2889 520 2948 quern
543 2873 677 2931 maxime
700 2872 855 2933 exhorret.

385 2952 427 3013 At
447 2953 540 3014 diois:
563 2954 695 3014 Pssesre
716 2974 781 3016 non
793 2959 908 3035 potest,
935 2952 994 3010 uisi
1016 2951 1056 3011 sit
1076 2951 1224 3030 superior.

302 3035 403 3116 llrgo,
444 3036 518 3097 lioet
539 3055 603 3097 non
624 3037 718 3098 inunt
737 3037 875 3098 offioium
897 3035 1048 3116 postoris,
1083 3052 1147 3094 non
1170 3054 1229 3114 per

301 3118 363 3180 hoo
375 3120 542 3199 superioris
559 3120 671 3181 emittit
682 3121 795 3185 looum.
839 3118 1045 3200 Respondes:
1070 3115 1150 3191 Quid
1165 3117 1228 3178 hoe

302 3200 342 3261 sd
363 3202 436 3263 urs?
459 3203 581 3278 Quaere
603 3223 678 3281 ergo
699 3205 763 3265 olis
783 3203 888 3282 verbe,
911 3201 1021 3281 quibus
1043 3200 1146 3260 losum
1170 3219 1225 3282 po·

303 3285 425 3344 testatis
457 3305 588 3348 asseres.
632 3287 718 3347 Hneo
737 3287 833 3350 verbs
860 3295 913 3347 out
932 3288 1089 3344 ,ementem
1119 3290 1151 3344 et
1172 3303 1226 3364 po

304 3373 441 3428 suentem
456 3371 624 3448 requirunt,
645 3377 699 3430 aut
711 3390 838 3451 prorsus
852 3369 928 3430 nulli
944 3367 1142 3444 osuveniuul,
1165 3368 1225 3427 nisi

302 3451 412 3512 iterum
434 3471 518 3512 novo
539 3454 709 3532 lstinitote,
745 3453 875 3535 diligere
900 3452 968 3531 plus
991 3449 1056 3528 his,
1088 3451 1225 3530 sooipios

301 3552 358 3613 pro
381 3553 430 3611 eo,
452 3535 537 3613 quod
561 3544 618 3615 est,
640 3556 785 3616 proeesse
812 3537 921 3598 esteris
940 3532 1099 3610 omnibus,
1122 3540 1153 3594 et
1174 3553 1228 3613 pn

301 3635 398 3695 soere,
420 3619 556 3678 omnium
574 3620 642 3680 iure
656 3626 777 3701 stupes
788 3620 960 3702 possidere.
1003 3615 1138 3677 Proinde
1150 3616 1224 3678 nihil

302 3701 423 3777 mirum,
446 3701 471 3760 si
492 3703 657 3781 penatum
680 3710 766 3766 tento
787 3709 877 3764 aestu
900 3705 1060 3782 quaeruut,
1084 3701 1225 3780 quernei

302 3783 403 3844 verbis
426 3783 457 3843 iu
486 3803 543 3844 suo
571 3784 745 3865 signifiostu
764 3784 902 3866 adneptis
925 3801 1034 3866 gerere
1056 3780 1225 3864 dehent³),

306 3885 365 3926 neo
385 3866 485 3934 Deum
507 3868 608 3946 ipsum
628 3888 684 3947 pro
707 3871 845 3949 praemio
874 3874 979 3954 esseut
1006 3866 1225 3945 exspectaturi.

260 3979 268 3994 ·
340 3969 373 4031 1)
391 3968 423 4020 ln
440 3967 615 4035 edpuorsz
636 3970 783 4023 ecelesiam
802 3974 899 4024 totsto.
918 3968 950 4032 2)
971 3965 1052 4020 ibid:
1072 3981 1157 4020 nemo
1181 3983 1228 4020 vo·

303 4045 355 4090 est.
394 4039 427 4103 3)
446 4037 518 4092 lbid.
539 4043 568 4091 et
584 4040 615 4095 iu
632 4038 677 4094 ed.
694 4041 771 4099 lenz
792 4039 932 4100 deberent
