3075 4775
347 519 411 586 418
500 520 532 576 it
564 519 669 575 Coaelo
685 520 721 575 l).
739 521 775 574 a.
795 521 823 576 h.
841 521 877 576 de
894 535 970 590 pass.
989 519 1102 576 Christi.

350 706 498 768 illudatur
534 706 691 785 Christus,
731 714 766 767 et
799 713 833 768 ut
867 722 937 768 oum
974 705 1146 768 latronibus
1182 726 1272 788 repu-

348 796 438 852 tetur.

431 872 572 934 Teutanis
595 871 722 934 libidine
741 879 775 932 et
796 873 1048 952 eoneupiseeutia
1071 875 1190 950 ιιιιιιιιι,Ι
1220 892 1272 934 oo·

264 975 271 982 ·
348 958 427 1038 gite,
461 974 553 1036 quam
580 954 746 1017 erudelitas
774 961 881 1016 tenera
912 953 1024 1016 Christi
1057 973 1132 1018 earo
1165 955 1271 1080 flagris

350 1050 460 1118 mesa,
483 1038 631 1100 eoniossa
651 1046 683 1100 οι
703 1038 839 1100 laeerata
859 1041 906 1098 sit.

430 1085 572 1182 hhntaris
594 1121 667 1183 odio
688 1127 742 1182 aut
761 1121 879 1184 invidia
897 1129 954 1182 aut
974 1101 1124 1202 mediata,
1155 1125 1271 1203 cogita,

349 1206 504 1266 Christum
527 1224 641 1302 magno
663 1206 800 1266 elamore
815 1213 846 1266 et
867 1205 982 1266 eiulatu
1006 1225 1062 1304 pro
1085 1212 1117 1266 te
1139 1203 1271 1285 aliisque

223 1295 236 1316 ³
348 1290 479 1349 inimiois
501 1290 563 1348 suis
578 1305 695 1366 orasse,
717 1287 889 1369 dequibus
911 1289 1008 1350 mnlto
976 1285 1140 1350 tinstius
1153 1291 1271 1370 potuis-

349 1380 397 1434 set
417 1389 553 1452 poenam
574 1388 705 1432 sumere.

431 1455 572 1517 Teutanis
594 1452 810 1517 elffietiouibus
833 1449 917 1533 aliis,
947 1455 1181 1537 qualescunque
1205 1461 1271 1515 tan-

349 1539 420 1600 dem
448 1539 524 1616 sint,
559 1539 625 1598 sive
646 1540 801 1612 latomiae,
836 1537 903 1596 sive
924 1545 1085 1616 externae,
1119 1537 1271 1600 enniirma

351 1632 434 1683 tuum
447 1639 501 1682 eor
520 1630 554 1682 et
573 1623 619 1682 sio
641 1621 752 1682 dieite:
774 1621 888 1700 hlagua
909 1639 948 1680 aa
964 1629 1049 1681 esset
1069 1621 1270 1702 ingratitudo,

350 1707 376 1765 si
396 1723 523 1785 parram
545 1704 626 1765 hane
646 1703 847 1766 afflictionem
869 1704 1022 1784 patienter
1042 1705 1121 1765 ferre
1141 1705 1271 1784 nollem,

349 1807 419 1850 oum
441 1787 579 1848 Christus
601 1787 753 1848 Dominus
776 1787 1000 1866 aoredemptor
1024 1805 1108 1848 meus
1129 1790 1162 1848 in
1177 1789 1270 1849 horto

348 1891 425 1952 prae
445 1871 612 1952 angoribus
625 1872 827 1952 sanguineum
851 1872 987 1931 emiserit
1000 1871 1154 1934 sudorem.
1187 1871 1271 1948 Quid

350 1958 432 2016 euim
455 1962 538 2016 esset
558 1956 691 2036 turpius,
718 1971 811 2034 qnam
833 1971 953 2013 servum
976 1955 1007 2014 in
1030 1954 1112 2016 lento
1136 1955 1272 2016 molliter

350 2057 385 2100 se
407 2055 530 2117 aureae,
563 2046 644 2114 tum,
679 2056 748 2097 eum
771 2036 923 2098 Dominus
944 2039 1039 2117 ipsius
1063 2057 1119 2120 pro
1141 2041 1206 2099 vita
1228 2037 1270 2098 di·

351 2121 498 2182 miearsti

433 2203 517 2264 Eone
538 2203 578 2264 ad
599 2203 683 2263 hune
702 2203 828 2265 modum
853 2203 1035 2264 eonfirmars
1060 2208 1090 2265 et
1115 2203 1272 2264 consolari

353 2294 385 2348 te
404 2286 516 2348 Christi
538 2288 685 2366 passione
707 2287 840 2368 poteris,
876 2292 985 2347 uonna
1017 2289 1122 2348 omnia
1143 2288 1219 2348 vitia
1242 2291 1275 2348 et

351 2377 490 2452 peecata,
510 2376 604 2451 atque
624 2370 703 2431 haee
724 2390 799 2432 vera
811 2369 971 2433 meditatio
994 2372 1149 2451 passionis
1161 2371 1275 2431 Christi

351 2462 414 2533 est,
445 2461 478 2515 et
506 2453 536 2514 hi
565 2461 638 2514 sunt
657 2456 722 2515 veri
742 2455 875 2531 fruetus,
909 2451 1022 2533 quiex
1044 2474 1082 2515 ea
1109 2455 1200 2517 nobis
1221 2472 1275 2535 pe-

353 2538 438 2599 teudi
461 2545 540 2598 sunt
585 2537 674 2612 Qui
666 2540 723 2618 igit
724 2559 758 2597 ur
780 2557 815 2599 se
837 2538 1001 2618 diligenter
1032 2538 1072 2598 ad
1098 2539 1179 2599 hune
1207 2556 1272 2598 ιιιο-

352 2622 453 2682 dum'
445 2641 476 2681 m
499 2627 704 2699 eaexeroent,
726 2621 770 2680 illi
792 2622 1012 2701 longareetius
1034 2621 1157 2698 iaeiunt,
1180 2640 1274 2701 quarn

354 2706 380 2765 si
404 2705 516 2766 millies
542 2704 701 2764 historiam
723 2706 879 2785 passionis
900 2704 1051 2765 audirent.
1093 2704 1134 2765 Et
1154 2705 1186 2765 hi
1209 2711 1276 2765 tan-

353 2797 416 2848 turn
438 2786 603 2849 Christiani
625 2806 698 2847 vere
720 2787 875 2862 dieantur,
907 2788 958 2866 qui
982 2786 1021 2847 ad
1044 2789 1126 2849 huno
1148 2787 1275 2849 modum

351 2871 465 2933 Christi
494 2872 589 2931 vitans
623 2889 661 2930 ao
693 2887 808 2932 nomen
840 2872 872 2931 in
906 2890 962 2932 sna
995 2873 1061 2932 vita
1087 2874 1274 2952 exprimunt,

351 2953 663 3034 quemadmodumfl
685 2954 797 3015 Paulus
821 2970 945 3033 quoque
966 2953 1054 3015 didit:
1078 2955 1138 3030 Qui
1159 2954 1274 3017 Christi

351 3045 435 3116 sunt,
467 3054 593 3097 earnem
621 3054 708 3097 suam
735 3056 806 3097 enm
835 3038 1093 3117 oonoupisoentiis
1115 3057 1176 3098 una
1204 3056 1274 3099 eum

351 3121 474 3182 Christo
495 3119 720 3184 erueitixeruut
756 3115 866 3201 Neque
887 3122 969 3182 enim
991 3121 1094 3183 verbis
1109 3128 1162 3182 aut
1183 3131 1276 3203 gestu

351 3205 486 3285 quodam
509 3211 649 3281 externo,
671 3203 726 3264 sed
743 3205 806 3265 vita
829 3222 866 3264 ae
877 3205 1014 3265 moribus
1033 3206 1144 3267 Christi
1164 3206 1274 3288 passio

351 3288 511 3349 nobist
462 3294 511 3349 est
530 3286 738 3367 exprimenda

432 3370 466 3431 ld
495 3370 579 3451 quod
600 3371 761 3450 apostolus
790 3386 914 3451 quoque
945 3377 1050 3433 monet
1078 3370 1189 3433 hibrse.
1215 3370 1274 3435 12.

352 3455 534 3552 Recogitate
556 3455 672 3531 lesum
699 3452 771 3515 fidei
793 3463 919 3515 nostrae
941 3454 1067 3533 duoem,
1103 3456 1153 3533 qui
1177 3454 1274 3515 talem

352 3538 529 3599 sustinuerit
549 3556 568 3597 a
590 3538 805 3617 peeeatoribus
827 3538 974 3599 adversus
997 3556 1031 3599 se
1047 3534 1275 3599 eontradietio-

351 3640 439 3701 nem,
459 3639 500 3681 ne
521 3615 730 3701 defatigamini
751 3622 861 3682 animis
884 3622 995 3682 vestris
1017 3621 1161 3686 defeeti.

430 3668 474 3764 'nt
505 3703 536 3766 S.
568 3704 674 3764 Petrus
708 3722 774 3785 eap.
800 3707 833 3766 l:
877 3704 963 3767 Siout
996 3705 1134 3765 Christus
1161 3724 1275 3785 passus

351 3796 528 3865 estserae,
558 3788 603 3846 sio
620 3806 681 3847 ‘vos
704 3789 936 3869 quoqneriuxta
957 3788 1088 3849 eandem
1111 3788 1276 3869 cogitatio-

236 3946 242 3959 ἱ
351 3888 422 3933 ilem
444 3871 613 3932 armemini.

435 3954 549 4014 Verum
581 3952 736 4014 obsolevit
760 3955 839 4015 haee
868 3957 946 4016 ratio
976 3953 1174 4016 meditandae
1202 3972 1273 4035 pas

350 4038 447 4098 aionis
469 4036 593 4114 Christi,
616 4043 648 4096 οι
669 4056 738 4101 rara
759 4046 816 4117 est,
839 4054 907 4099 oum
931 4038 1082 4102 ament.
1105 4034 1218 4102 Paulus
1242 4045 1275 4101 et
