3075 4775
435 603 440 613 ,
528 616 532 621 ,
581 569 601 609 a
615 554 738 612 toartis
755 558 882 633 excepta
1130 553 1191 629 131

262 734 437 822 manea,
468 742 571 805 solum
589 744 778 808 remunerari
801 762 917 825 opem,
940 726 1020 825 puae
1040 744 1136 817 homo
1158 746 1190 807 in

262 844 396 907 corpere
416 825 524 907 gessit.
557 820 661 901 Quare
680 826 765 891 dicta
784 828 816 887 in
838 828 1027 891 resolutione
1049 849 1105 891 sua
1126 848 1193 910 perr

262 910 366 990 pendi,
388 909 446 971 sed
467 916 615 989 tanquam
634 909 853 983 insufficientia
874 918 1039 992 acceptare
1053 931 1117 974 non
1139 932 1192 993 po·
1283 910 1285 915 ’

262 994 314 1072 tsi,
337 993 464 1056 utillas
486 994 720 1063 contrarietates
748 996 832 1074 prius
854 997 981 1075 apariat.

467 1274 470 1282 .
574 1181 614 1241 Μ.
651 1181 885 1245 Lutherus.

345 1331 497 1412 Primum,
527 1333 611 1413 quod
634 1335 776 1415 egregius
798 1335 836 1396 l).
859 1335 898 1397 l).
920 1332 1011 1412 dicit,
1032 1352 1094 1395 uon
1118 1332 1189 1395 ideo

261 1413 378 1495 aliquid
406 1416 582 1496 negandum
609 1437 680 1479 esse
701 1416 740 1478 de
762 1417 937 1499 Scriptura,
966 1418 1039 1496 quia
1059 1419 1190 1496 pertina-

262 1517 313 1579 cep
334 1499 480 1559 convinci
502 1501 724 1581 nonpossint,
746 1500 863 1581 optime
885 1508 916 1561 et
926 1502 1086 1561 verissime
1108 1500 1190 1575 dicit,

262 1581 316 1642 sed
340 1582 455 1661 loquor
475 1602 535 1663 ego
558 1582 597 1644 de
619 1585 666 1644 his
688 1585 908 1668 pertinacibus,
930 1586 981 1663 qui
1004 1602 1061 1645 uos
1084 1590 1191 1645 nostra

260 1666 428 1725 autoritate
449 1678 481 1726 et
501 1664 626 1747 proprio
648 1666 750 1729 iaculo
775 1667 944 1730 confodere
959 1672 1098 1748 possunt.
1121 1666 1192 1727 Evi-
1293 1689 1298 1703 ,

261 1748 338 1809 deus
360 1750 444 1809 enim
465 1760 513 1811 est
525 1749 634 1813 librum
649 1751 909 1827 Machabaeorum
921 1753 1076 1832 pertinere
1088 1750 1127 1814 ad
1142 1771 1192 1811 ve-

260 1838 308 1893 tos
332 1830 575 1898 Testamentum.
605 1832 736 1908 Quando
765 1836 847 1917 ergo'
861 1834 892 1896 S.
913 1834 1120 1915 Hieronymus
1143 1854 1191 1895 ca-

260 1934 378 1977 nonem
398 1912 553 1977 ldbraeum
586 1919 818 1998 conscripserit,
851 1925 881 1978 et
903 1936 957 1979 eos
980 1918 1065 1979 solos
1085 1916 1191 1979 'libros

260 1998 366 2061 valere
387 1998 418 2058 io
431 2001 649 2080 contentione,
665 2001 728 2085 ‘qui
749 2000 789 2061 de
810 2020 931 2063 eauoue
952 2006 1032 2078 suut,
1054 1998 1190 2081 deliniat,

260 2084 362 2162 sitque
383 2082 415 2141 in
437 2082 496 2144 hac
516 2103 572 2143 sua
593 2085 754 2145 sententia>
767 2090 929 2165 receptus,
959 2084 1049 2145 facile
1082 2090 1189 2145 nostro
1298 2100 1311 2117 “

260 2164 323 2227 telo
347 2165 587 2248 verberabimur,
609 2168 668 2252 nisi
690 2166 833 2231 fidelibus
855 2167 1106 2249 persuadeamus.
1171 2170 1174 2177 ⁴

343 2246 488 2316 Secundo
510 2248 631 2331 probat,
653 2250 765 2314 librum
781 2250 1040 2313 Machabaeorum
1064 2270 1189 2313 essere-

260 2330 385 2415 ceptum
407 2331 440 2394 in
463 2351 629 2416 canonem,
649 2335 810 2398 contendit
832 2334 872 2398 ad
893 2336 1190 2416 aequivocationem,

261 2423 291 2480 et
313 2416 407 2478 facile
430 2415 695 2480 concordabimur.
717 2417 799 2498 Scio,
822 2419 905 2500 quod
928 2420 1060 2494 ecclesia
1081 2416 1192 2499 recipit

258 2500 342 2562 huuc
366 2498 497 2581 librum,
525 2507 557 2562 et
577 2503 638 2564 hoc
659 2500 739 2582 dixi,
768 2502 823 2564 sed
846 2522 909 2564 nou
931 2509 1036 2584 potest
1058 2503 1190 2564 ecclesia

259 2584 328 2664 plus
351 2583 487 2645 tribucre
519 2586 691 2646 autoritatis
723 2592 777 2648 aut
797 2583 947 2648 firmitatis
970 2586 1065 2667 libre,
1098 2604 1189 2666 quam

258 2667 494 2748 perseipsum
522 2664 651 2748 habeat,
694 2669 774 2731 sicot
806 2677 837 2730 et
867 2672 1038 2731 ceterorum
1067 2669 1188 2729 Petrum

258 2750 412 2832 opuscula
433 2748 585 2831 approbat
606 2759 637 2812 et
658 2755 781 2834 recipit,
816 2752 871 2814 sed
899 2771 962 2814 nou
986 2751 1057 2812 ideo
1081 2733 1191 2812 ooullr·

258 2842 322 2896 mat
343 2840 400 2896 aut
421 2835 551 2895 meliora
572 2835 684 2898 reddit.
706 2837 845 2898 Transeo
868 2855 942 2918 ergo
965 2836 1034 2913 ista,
1057 2854 1136 2915 quae
1158 2835 1190 2894 iu

259 2915 362 2980 multis
386 2914 545 3000 dicuutur,
567 2938 668 2980 eonon
691 2927 723 2980 et
743 2939 856 2982 canon.

339 2999 447 3062 Tertio
466 2999 551 3080 dicit,
574 3005 757 3065 autoritates
779 3003 920 3066 inductas
943 3000 1059 3061 directe
1087 2999 1189 3060 facere

258 3086 450 3146 mentionem
471 3084 511 3145 de
532 3091 612 3146 statu
636 3086 783 3166 merendi,
806 3093 837 3148 et
857 3084 989 3146 eundem
1012 3091 1110 3144 morte
1132 3091 1189 3144 ter·

256 3167 377 3232 minari.
412 3165 600 3249 Respondeo
629 3169 708 3232 siout'
730 3171 831 3252 prius:
856 3167 935 3244 Quia
957 3165 1032 3228 nihil
1060 3166 1099 3228 de
1121 3187 1189 3249 pur·

257 3253 382 3334 gaterio
405 3252 619 3334 meminerunt,
641 3252 695 3314 sed
708 3259 825 3322 tantum
849 3252 889 3312 de
910 3251 999 3311 coelo
1018 3258 1049 3312 et
1059 3251 1178 3312 inferno

255 3335 327 3398 ideo
351 3337 488 3398 moriens
515 3336 555 3397 ad
577 3332 700 3410 coelum
720 3357 784 3398 non
806 3342 960 3413 meretur,
993 3335 1127 3396 moriens
1150 3297 1189 3394 ad

257 3421 411 3483 infernum
433 3438 496 3480 uon
519 3427 667 3499 meretur,
702 3426 733 3481 et
765 3421 810 3482 sic
831 3419 1011 3482 terminatur
1032 3419 1188 3498 utriusque

258 3511 357 3566 status
379 3501 533 3580 merendi,
557 3503 694 3584 alioquin
717 3505 816 3584 possit
837 3502 954 3564 eisdem
976 3502 1189 3564 autoritatibus

257 3587 490 3653 evidentissime
512 3585 636 3668 probari
659 3607 716 3668 pur
739 3588 880 3649 aterium.
1136 3587 1138 3596 ’

341 3669 460 3746 Quarto
483 3670 571 3752 dicit,
595 3690 644 3731 me
666 3609 751 3732 nulio
777 3677 886 3730 autore
909 3669 1008 3748 inniti,
1030 3675 1061 3728 et
1084 3687 1189 3750 proro-

257 3775 334 3839 gare
356 3756 519 3816 terminum
541 3754 687 3840 merendi,
714 3754 799 3833 item,
822 3752 931 3812 merita
951 3753 1119 3833 purgatorii
1144 3770 1189 3811 re-

260 3848 422 3899 munerata
442 3858 591 3900 asserere.
629 3836 751 3917 Fateor,
773 3838 834 3897 hoo
853 3837 933 3896 enim
954 3835 1023 3911 feei,
1046 3833 1189 3914 utdispu·

260 3929 356 3984 tarem
380 3930 412 3984 et
433 3923 570 3984 audirem
594 3922 732 3999 meliora,
755 3939 846 4000 quam
869 3938 928 4000 ego
951 3919 1099 3979 noverim.
1119 3913 1188 3996 Ego

259 4009 340 4068 euim
363 4006 439 4068 nihil
460 4005 500 4068 de
539 4006 696 4088 orgetorio
718 4005 809 4085 novi,
834 4003 893 4062 nisi
922 4003 1040 4062 animas
1061 4000 1103 4060 ibi
1124 3998 1190 4078 pati

258 4089 405 4154 iuvasdas
426 4027 574 4172 oparidus
596 4097 630 4151 et
647 4086 839 4166 emtoribus
853 4088 982 4232 acopis,
996 4082 1189 4165 paratushu·
