3075 4775
490 544 559 599 lllll.
579 545 615 598 de
635 549 775 614 potestate
794 544 894 613 Papae.
1114 539 1175 608 367

248 731 376 792 nebant.
432 730 597 806 Quomodo
630 731 655 789 si
683 732 837 792 exercitus
866 732 923 790 sibi
956 731 1174 810 imperatorem

250 815 352 892 facist,
375 814 500 875 diaconi
517 821 618 873 autem
634 813 750 894 eligant
772 814 811 873 de
833 833 877 890 se,
890 832 979 892 quem
992 814 1173 873 industrium

250 899 410 975 noverint,
434 904 467 957 et
489 897 737 957 archidiaconum
759 905 946 977 nuncupent.
991 895 1070 970 Quid
1094 900 1174 956 enim

250 981 323 1040 lacit
357 987 492 1061 excepta
523 980 717 1042 ordinatione
738 982 920 1060 episeopus,
944 978 1026 1057 quod
1049 980 1174 1060 presby·

254 1071 299 1123 ter
320 1082 384 1125 non
408 1063 501 1124 lacit?
536 1064 602 1124 Neo
624 1064 721 1124 altera
743 1062 904 1123 Romanae
926 1062 1009 1123 urbis
1032 1063 1173 1141 ecclesia,
1257 1134 1262 1147 Ι

251 1147 348 1207 altera
378 1148 473 1207 totius
503 1146 584 1207 orbis
618 1145 812 1207 aestimanda
841 1152 897 1206 est.
939 1144 980 1204 Et
1000 1144 1121 1205 Galliae
1144 1153 1175 1205 et

251 1229 440 1308 Britanniae,
461 1248 530 1289 narn
554 1238 585 1289 et
606 1230 727 1306 Africa,
750 1236 782 1289 et
802 1229 918 1306 Persis,
941 1235 973 1287 et
994 1228 1120 1306 Oriens,
1144 1236 1175 1288 et

250 1311 354 1388 ludia,
390 1320 421 1372 et
443 1331 550 1374 omnes
572 1312 721 1372 barbarae
742 1314 883 1373 nationes
905 1331 997 1370 unum
1021 1310 1172 1370 Christum

251 1395 392 1474 adorant,
415 1415 506 1456 unam
529 1396 695 1457 observant
716 1396 852 1475 regulam
876 1394 1021 1453 veritatis.
1065 1393 1096 1454 si
1118 1413 1171 1452 an·

250 1486 311 1538 tem
343 1480 491 1539 autoritas
514 1482 677 1558 quaeritur,
700 1478 783 1539 orbis
808 1479 905 1536 maior
926 1484 974 1536 est
995 1476 1084 1557 urbe,
1109 1475 1172 1536 nbi-

251 1580 373 1641 cunque
402 1563 566 1641 episcopus
595 1562 699 1640 luerit,
729 1562 795 1621 sive
816 1560 949 1636 Romae,
983 1561 1049 1619 sive
1070 1558 1171 1639 Engu—

251 1643 345 1722 bii1),
369 1645 434 1704 sive
457 1644 736 1725 Constantinopoli,
760 1646 825 1705 sive
846 1642 972 1723 Rhegii,
995 1644 1062 1702 sive
1080 1642 1172 1702 Alex·

156 1735 157 1808 ᾗ
250 1726 394 1805 andriae,
429 1728 494 1787 sive
514 1728 648 1806 Thonis,
681 1726 818 1788 eiusdem
843 1727 942 1786 meriti
965 1732 1020 1804 est,
1044 1732 1075 1785 et
1096 1726 1171 1786 eius-

252 1809 322 1869 dem
345 1810 525 1889 sacerdotii,
547 1812 687 1891 potentia
708 1811 880 1870 divitiarum
913 1816 944 1868 et
976 1807 1169 1883 humilitas2)

250 1895 440 1973 paupertatis
482 1894 532 1953 vel
561 1894 769 1955 sublimiorem
806 1892 857 1953 vel
885 1892 1058 1951 inferiorem
1088 1892 1170 1951 facit.

156 1975 157 1986 ¹
251 1975 394 2036 Ceterum
413 1994 521 2038 omnes
543 1979 753 2058 apostolorum
768 1993 964 2055 successores
985 1981 1064 2036 sunt.
1086 1974 1172 2035 Haec

247 2059 283 2121 D.
306 2059 524 2139 Hieronymus.

330 2141 414 2221 Nihil
437 2141 476 2202 de
499 2145 668 2203 mutatione
691 2150 864 2222 temporum
886 2141 1014 2219 loquor,
1036 2139 1111 2200 nihil
1133 2139 1171 2200 de

247 2226 312 2285 iure
334 2227 481 2305 positivo.
524 2226 592 2287 Hoc
622 2225 795 2286 contendo:
829 2224 862 2286 si
894 2244 972 2284 unus
1005 2225 1170 2304 episcopus

246 2310 312 2369 iure
333 2308 440 2369 divino
462 2311 570 2369 ceteris
593 2306 776 2390 praefertur,
810 2308 972 2368 manifeste
993 2307 1043 2367 hie
1063 2308 1170 2368 Hiero-

247 2411 359 2473 nymus
389 2392 540 2453 haeresim
561 2393 677 2471 docet,
709 2412 772 2453 non
800 2393 898 2453 solum
931 2394 997 2472 ipse
1029 2394 1117 2469 (nam
1141 2395 1170 2452 ei

154 2512 155 2541 4
248 2495 311 2535 non
334 2475 528 2555 crederem),
551 2477 606 2537 sed
628 2476 752 2554 Petrus,
773 2474 902 2553 Paulus,
922 2475 1094 2553 lohannes,
1116 2475 1171 2534 Lu-

247 2577 320 2636 cas,
361 2577 440 2638 quos
475 2559 592 2620 inducit
628 2558 857 2639 irrefragabiles
895 2565 1029 2619 autores.
1085 2557 1170 2636 Quis,

247 2661 376 2721 quaeso,
398 2642 445 2702 his
467 2644 611 2705 resistet?
634 2643 696 2703 Cur
717 2642 860 2702 adulator
879 2646 975 2721 negat
995 2641 1168 2701 Romanum
1268 2659 1272 2672 ¹

245 2723 426 2803 pontificem
458 2728 567 2786 ceteris
590 2746 659 2786 esse
681 2727 922 2806 coepiscopum,
960 2743 1027 2783 oum
1053 2725 1167 2802 primus

221 2808 355 2868 ePetrus
378 2827 414 2869 se
435 2810 708 2890 conpresbyterum
731 2808 890 2890 appellet?
918 2807 949 2869 Si
973 2825 1168 2868 successores

246 2898 318 2950 snut
338 2890 438 2968 Petri,
469 2893 541 2971 quid
567 2893 752 2954 erubescunt
773 2892 893 2952 titulum
920 2892 966 2949 sui
988 2889 1168 2971 praedeces·

246 2974 347 3034 soris?
369 2973 401 3035 ei
424 2993 536 3036 nomen
555 2976 808 3056 superbissimum
831 2975 1025 3054 sanctissimi,
1049 2975 1168 3051 summi,

245 3058 372 3118 maximi
401 3057 555 3136 pontilicis
578 3057 771 3119 haereditant
792 3077 831 3118 ex
852 3056 1080 3136 recentibusij,
1114 3075 1167 3117 cur

245 3161 307 3201 non
338 3160 453 3200 nomen
476 3143 709 3223 conpresbyteri
738 3147 770 3204 et
796 3143 974 3221 coepiscopi
1001 3161 1019 3200 a
1045 3141 1166 3220 primo?

245 3223 402 3301 Obsecro,
431 3243 470 3283 an
492 3224 615 3301 Petrus,
646 3225 773 3304 Paulus,
799 3225 972 3302 lohannes,
1000 3224 1114 3302 Lucas,
1136 3231 1167 3284 et

246 3326 354 3366 omnes
377 3308 510 3386 apostoli
539 3311 771 3389 ignoraverunt,
803 3308 874 3386 quid
905 3307 1030 3368 verbum
1055 3306 1166 3368 Christi

244 3390 302 3450 sibi
335 3390 468 3450 voluerit
480 3393 530 3466 ⁵):
560 3392 605 3451 Tu
636 3412 669 3450 cs
691 3391 815 3468 Petrus,
844 3397 887 3450 et:
910 3388 978 3449 Tibi
1001 3389 1081 3451 dabo
1106 3392 1166 3452 cla-

244 3491 308 3550 ves,
330 3480 375 3532 et:
410 3473 508 3534 Pasce
529 3493 604 3536 oves
628 3494 729 3551 meas,
767 3473 867 3556 [quod
891 3492 953 3533 non
977 3473 1089 3534 exinde
1112 3475 1165 3534 Pe-

244 3561 291 3616 tro
313 3557 479 3636 primatum
502 3556 646 3618 divinitus
668 3557 774 3618 datum
797 3555 1027 3640 observarunt].

327 3639 358 3701 Si
381 3658 432 3699 me
454 3641 579 3701 omnino
602 3641 789 3701 haereticum
814 3640 963 3720 clamant,
986 3643 1037 3720 qui
1062 3642 1165 3701 omnia

244 3740 324 3800 quae
355 3724 465 3784 volunt
491 3724 591 3785 hibuo
620 3725 761 3784 Romano
785 3721 943 3803 Pontifici,
977 3725 1092 3803 solum,
1125 3743 1164 3784 ne

315 3931 346 3991 1)
366 3927 451 3984 ibid:
472 3929 600 3996 Eugubii.
631 3928 663 3998 2)
685 3928 768 3984 Ibid.:
791 3929 963 3999 humilitatis,
982 3926 1161 3999 paupertatis.

241 3999 606 4128 {prpptiidpopplppntioribns
651 4001 684 4068 4)
707 4002 736 4053 ln
761 4001 805 4055 ed.
825 4004 932 4070 priore:
961 4001 1026 4070 quid
1047 3999 1161 4051 verbnm
