3075 4775
356 535 419 603 25ss
588 536 681 595 tuot.
701 540 726 593 t.
746 556 830 609 super
846 535 1023 611 Propoetion.

358 723 498 800 dieat¹):
514 722 546 785 si
560 742 624 787 non
636 726 815 787 remiseritis
824 725 1143 806 hominibnspeeoata
1159 742 1281 802 eomm,

358 826 417 867 neo
437 807 528 867 Peter
549 816 652 869 vester
672 811 800 869 remittit
819 807 909 870 vobis
930 817 1060 890 pennata
1083 819 1209 886 vestra,
1237 808 1283 868 lo-

359 891 460 968 quitur
489 890 528 951 ad
550 892 712 971 apostolos
735 902 860 953 sanotos
881 892 961 953 filius
983 892 1113 972 Dei',vet
1133 891 1187 952 ubi
1212 900 1286 951 sunt

359 992 466 1035 eorum
498 976 647 1053 moesta?
670 976 804 1036 venialia
816 975 939 1054 quidem
961 984 1041 1055 sunt,
1063 975 1119 1035 sed
1140 974 1287 1034 mortalia

359 1066 463 1135 erunt,
499 1057 556 1117 nisi
591 1060 794 1119 remittantur.
838 1059 921 1119 Sane
947 1066 1019 1119 sunt
1052 1057 1195 1138 qnidam,
1230 1058 1285 1136 qui

358 1138 438 1207 hano
453 1141 625 1201 orationem
637 1161 692 1221 pro
710 1142 820 1221 poenis
831 1152 1028 1221 peoeatorum
1042 1143 1124 1203 orari
1134 1141 1289 1221 garriant,

359 1242 436 1301 quos
461 1231 585 1302 oportet
598 1232 744 1303 tanquam
758 1225 844 1285 verbi
857 1226 913 1287 Dei
928 1225 1148 1305 depravatores
1159 1243 1284 1287 osvero.

358 1304 435 1365 Nam
459 1306 531 1384 quid
555 1306 659 1368 dioent
679 1307 718 1367 ad
741 1308 835 1369 illud:
872 1307 1088 1370 Sanctificetur
1108 1327 1225 1367 nomen
1240 1317 1286 1366 tu-

359 1409 426 1466 um,
449 1388 595 1451 adveniat
615 1410 744 1471 regnum
767 1400 862 1470 tirum,
883 1391 939 1452 fist
959 1392 1104 1453 voluntas
1125 1390 1199 1450 tua?
1220 1388 1286 1450 hoo

359 1473 544 1533 sanetissimi
574 1475 666 1533 etiam
697 1484 802 1553 orant,
829 1482 862 1536 at
888 1474 1006 1536 orando
1035 1473 1222 1535 eonfitentur
1249 1492 1285 1532 se

360 1555 497 1617 nondum
523 1557 734 1617 senetifieasse
762 1577 877 1619 nomen
899 1559 974 1635 Dei,
1012 1559 1149 1619 nondum
1176 1559 1208 1616 in
1237 1557 1285 1616 eis

361 1658 431 1699 esse
454 1658 582 1718 regnum
606 1640 673 1718 Dei,
697 1661 755 1701 nee
776 1643 922 1701 iustitiam
945 1644 1032 1719 eius3
1054 1643 1108 1703 sed
1131 1648 1286 1719 quaerunt

360 1722 418 1783 hae
441 1722 582 1783 oratione
603 1744 732 1803 regnum
746 1724 814 1801 Dei,
836 1735 867 1785 et
880 1726 1024 1784 iustitiam
1044 1726 1120 1801 eius,
1142 1722 1284 1783 nondum

359 1822 394 1867 se
406 1805 518 1865 seeisse
529 1806 718 1867 voluntatem
735 1807 802 1870 Dei.
825 1809 867 1867 At
877 1807 956 1867 haee
967 1808 1072 1867 omnia
1091 1814 1163 1878 nupt
1175 1805 1282 1867 debita

359 1887 477 1968 eulpae,
500 1896 532 1948 et
541 1896 671 1968 peeoata
684 1898 792 1952 eontra
808 1891 910 1971 legem
923 1891 991 1968 Dei,
1013 1890 1145 1969 quivult
1164 1908 1282 1949 nomen

359 1991 446 2032 suurn
459 1985 598 2033 sanetum
608 1993 687 2052 esse,
699 1976 731 2033 in
743 1974 978 2053 nobisregnare,
988 1974 1180 2033 voluntatem
1191 1992 1282 2031 anam

258 2052 261 2057 ’
361 2054 393 2115 in
415 2053 505 2115 nobis
527 2056 603 2117 tien'.
638 2056 704 2117 Neo
725 2057 904 2136 putandum,
926 2057 1009 2136 quod
1030 2057 1102 2117 fiete
1124 2064 1240 2117 oretur.

444 2137 547 2211 Quare
569 2140 714 2218 sequitur,
737 2160 846 2201 omnes
867 2159 1053 2217 vereorere,
1075 2149 1107 2201 et
1127 2158 1202 2199 vere
1224 2139 1284 2201 eibi

360 2221 437 2281 haee
459 2221 571 2282 deesse
585 2222 734 2283 eonfiteri.
757 2223 799 2285 Et
810 2225 853 2283 ita
867 2232 962 2303 patet,
984 2223 1067 2303 qnod
1088 2223 1159 2283 sota
1180 2224 1282 2283 oratio

360 2304 524 2365 Dominioa
544 2325 603 2365 nos
626 2306 733 2384 deest,
763 2308 888 2387 primo,¹
911 2323 1059 2367 essenos
1079 2305 1283 2387 quotidianos

361 2394 542 2468 peccatores
560 2398 591 2450 et
612 2410 733 2471 semper
755 2409 900 2470 peecare,
928 2391 1041 2451 deinde
1067 2397 1165 2451 totam
1186 2391 1282 2449 vitam

361 2491 444 2541 esse¹
460 2473 681 2550 poenitentiam
693 2520 697 2532 .
711 2483 742 2533 et
762 2476 958 2553 orationem,
991 2484 1023 2534 et
1051 2473 1282 2534 contritionem.

361 2555 493 2634 Exque
516 2556 641 2628 ulterius
663 2559 800 2636 sequitur
826 2566 934 2620 eontra
961 2557 1084 2619 consilii
1105 2558 1283 2618 Constanti·

362 2641 445 2708 ensis
469 2640 765 2718 determinationem,
788 2661 912 2702 omnem
933 2650 1037 2701 aetum
1057 2641 1192 2702 hominis
1213 2661 1284 2700 esse

362 2723 474 2784 malum
499 2731 586 2784 extre
607 2726 748 2804 gratiam,
771 2725 998 2804 quandoetiani
1020 2732 1107 2784 setus
1129 2725 1283 2783 iustorum

360 2808 392 2866 in
413 2807 512 2887 gretie
534 2827 597 2868 non
620 2817 667 2868 eet
681 2808 791 2883 bonus,
815 2827 874 2869 neo
893 2808 1002 2888 impiet
1018 2806 1197 2868 mandatum
1212 2807 1282 2867 oei.

449 2889 563 2951 Ultimo
597 2891 636 2951 ad
657 2891 719 2952 hoe
741 2903 851 2971 urgent
877 2898 924 2952 tot
950 2890 1197 2972 apostoliPauli
1228 2910 1282 2950 ex·

361 2973 567 3048 hortationes,
589 2982 634 3036 ,ut
656 2973 874 3036 mortificemus
898 2974 1052 3053 membra,
1083 2993 1166 3053 quae
1187 2992 1282 3053 super

363 3065 473 3118 terram
496 3065 584 3133 sunt,
607 3058 674 3118 Col.
698 3060 735 3135 33
770 3059 904 3119 etfaota
929 3060 1045 3137 earnis,
1066 3058 1155 3118 Rom.
1178 3062 1217 3134 ὃς
1251 3067 1284 3117 et

362 3161 548 3202 renovemur
568 3142 599 3200 in
622 3142 762 3200 novitate
775 3149 895 3213 sensus,
915 3143 1026 3203 Roma.
1050 3145 1105 3218 123
1126 3148 1159 3200 et
1178 3142 1282 3200 earnis

362 3243 465 3284 euram
478 3243 541 3285 non
553 3225 703 3284 taoiarnue
711 3225 744 3284 in
752 3224 915 3286 desideriis
923 3227 1000 3306 eins,
1012 3226 1100 3285 Rom.
1117 3228 1171 3302 133
1184 3225 1282 3284 erum·

362 3305 491 3386 tigamus
508 3327 631 3368 earnem
654 3327 722 3367 eum
741 3311 1008 3389 oeneupisesntiis,
1031 3308 1119 3369 Gala.
1141 3311 1171 3372 ὃ.
1194 3306 1282 3381 Quae

363 3392 466 3452 omnin
499 3411 536 3452 eo
570 3390 700 3454 tendunt
724 3394 775 3472 (ut
796 3393 911 3454 elerum
933 3391 1015 3475 eat),
1038 3391 1121 3470 quod
1157 3391 1283 3452 assidue

261 3509 268 3522 .
363 3475 582 3553 poenitendum
616 3476 673 3553 sit,
707 3478 780 3554 quia
796 3529 799 3533 ,
813 3487 975 3556 peceatum
1006 3477 1120 3536 fomitis
1155 3474 1282 3535 assidue

363 3564 518 3637 movetur,
553 3567 584 3619 et
605 3577 689 3620 nova
709 3559 863 3620 desideria
881 3562 1012 3640 proteri,
1044 3580 1100 3620 eeu
1122 3561 1229 3639 spinas
1254 3566 1285 3619 et

362 3640 490 3704 tribulos
513 3650 592 3702 terra
614 3643 779 3704 maledieta
799 3643 898 3704 Gens.
921 3647 949 3705 1.
1037 3684 1041 3695 ι

391 3762 393 3771 .
448 3726 559 3786 Cetera
580 3727 611 3786 in
633 3726 830 3788 Reseintorio
852 3727 928 3789 Con.
952 3730 980 3788 1.
1003 3730 1033 3790 2.
1055 3734 1087 3786 st
1106 3730 1135 3792 3.
1158 3735 1191 3788 et
1212 3747 1282 3790 oon.

363 3805 424 3870 Sed
447 3828 506 3868 neo
527 3809 627 3868 adhue
644 3807 734 3870 video
755 3811 845 3870 huius
867 3809 1076 3870 conclusionis
1097 3812 1283 3872 sententiam

363 3893 561 3954 confutatam.
604 3893 710 3971 Neque
733 3895 815 3954 enim
841 3901 925 3954 taeta
945 3894 1002 3954 tuit
1023 3893 1146 3973 Lipsiae
1166 3896 1198 3954 in
1221 3913 1284 3954 uns

363 3976 492 4055 syllaba.
535 3975 650 4053 nium)
674 3979 860 4037 sententiam
884 3977 910 4037 si
932 3996 1038 4056 neges,
1060 3997 1190 4038 neeesse
1222 3986 1280 4055 est,

296 4141 300 4154 ¹
363 4062 781 4148 *“o“”ii{'eai.‘trr*g]·srmss
799 4081 829 4147 2>
848 4080 932 4134 reru:
952 4079 1019 4132 mus
1037 4082 1131 4166 ensa.
