3075 4775
585 545 621 599 de
637 546 770 614 passione
779 523 781 527 Ι
790 543 901 602 Christi.
1148 546 1211 612 413

373 727 425 789 Sic
436 729 591 810 Propheta
603 749 727 811 quoque
743 731 833 794 dicit:
853 731 894 793 ut
907 731 1058 812 plangent
1079 751 1113 792 se
1125 734 1210 813 ipsos

242 849 249 862 „
290 829 447 891 supas-eo
477 831 584 876 omnes
612 815 707 875 trihus
734 822 844 876 terrae.
886 814 957 876 Nou
980 815 1067 876 dicit:
1097 816 1211 896 Deplo-

288 895 399 954 rahunt
421 914 507 974 eum,
538 897 593 958 scd
614 899 764 979 plangent
786 919 819 959 se
841 899 926 978 ipsos
948 917 1040 978 super
1067 918 1116 964 eo.
1161 899 1212 962 Sic

289 978 481 1038 terrebantur
501 979 546 1039 illi
569 982 637 1043 Act.
658 984 689 1060 2,
717 981 749 1040 id
777 981 859 1061 quod
882 1000 975 1060 supra
997 981 1210 1046 indicavimus.

290 1061 330 1156 lit
356 1061 490 1122 ecclesia
511 1064 607 1124 canit:
629 1064 780 1125 Memoria
801 1084 920 1126 memor
941 1083 1005 1144 ero,
1029 1071 1059 1124 et
1072 1064 1211 1128 tabescet

289 1163 321 1203 in
343 1163 394 1204 me
414 1164 518 1207 anima
539 1165 617 1210 mea.

374 1227 512 1307 Octavo,
541 1236 634 1308 atque
660 1233 691 1290 in
712 1231 773 1290 hac
794 1229 917 1310 quidem
939 1235 1025 1309 parte
1047 1228 1211 1310 diligenter

291 1330 326 1372 se
349 1311 536 1390 exercebunt
555 1315 597 1392 pii
619 1315 728 1391 animi,
763 1333 842 1374 namo
863 1332 903 1374 ex
925 1332 963 1372 ea
985 1312 1100 1392 pendet
1121 1332 1210 1374 verus

290 1413 363 1454 usus
386 1396 538 1474 passionis
547 1396 668 1474 Christi,
689 1403 722 1458 ut
742 1397 837 1458 homo
860 1398 1006 1475 seipsum
1030 1404 1209 1476 cognoscat,

290 1484 322 1537 et
342 1479 391 1536 sui
413 1487 580 1558 conspectu
604 1486 771 1554 terreatur,
799 1499 836 1540 ac
864 1498 920 1539 ceu
943 1487 1127 1540 conteratur.
1170 1479 1211 1540 Et

290 1568 382 1637 sane,
405 1562 467 1620 nisi
486 1580 523 1622 eo
546 1562 691 1623 deveniat
710 1563 823 1638 homo,
846 1563 939 1641 plane
962 1563 1076 1622 nullam
1099 1563 1210 1624 utilite

289 1648 352 1703 tem
380 1663 421 1704 ex
444 1644 555 1704 Christi
581 1647 729 1726 passione
750 1647 862 1726 capiet.
904 1646 971 1706 Hoc
1000 1647 1081 1706 enirn
1105 1665 1209 1706 verum

290 1745 329 1786 ac
349 1745 528 1807 germanum
552 1747 629 1808 opus
652 1736 708 1808 est,
731 1728 814 1809 quod
836 1731 940 1809 passio
958 1728 1069 1789 Christi
1090 1729 1121 1789 in
1145 1748 1210 1790 cor-

290 1808 380 1870 dibus
410 1811 530 1888 piorum
559 1811 667 1890 efficit,
699 1818 733 1871 ut
765 1813 940 1874 conformes
976 1813 1101 1892 imagini
1129 1812 1209 1873 illius

289 1891 468 1970 reddamur,
490 1895 551 1955 hoc
572 1903 629 1973 est,
651 1902 684 1956 ut
706 1895 964 1975 quemadmodum
989 1894 1124 1956 Christus
1148 1902 1209 1955 turn

291 1995 422 2056 corpora
449 1983 512 2037 tum
535 1979 626 2038 etiarn
650 1981 756 2039 animo
778 1979 913 2059 graviter
934 1984 1061 2057 propter
1081 1985 1211 2058 peccata

291 2065 397 2120 nostra
420 2062 579 2140 cruciatur,
600 2063 645 2121 ita
667 2082 724 2123 nos
747 2080 871 2141 quoque
892 2068 999 2122 nostra
1020 2063 1211 2122 conscientia

290 2141 503 2222 excarnificat,
533 2143 573 2204 oh
599 2153 729 2224 peccata
754 2145 897 2209 admissa.
935 2144 1043 2223 Neque
1066 2143 1107 2206 ad
1130 2146 1210 2205 hano

289 2244 355 2286 ram
384 2226 488 2286 multis
517 2234 565 2286 est
587 2247 664 2306 opus
687 2229 804 2302 verbis,
834 2229 888 2289 sed
921 2227 1060 2308 diligenti
1094 2229 1207 2309 cogita-

290 2310 385 2387 tione,
408 2315 440 2369 et
459 2315 492 2368 ut
512 2311 627 2370 sentias
650 2312 768 2391 peccati
792 2311 1040 2392 magnitudinem.
1235 2313 1237 2320 ’

371 2392 538 2453 Possumus
567 2401 668 2454 autem
698 2395 758 2455 hac
787 2395 984 2456 similitudine
1006 2397 1059 2456 uti.
1102 2396 1208 2477 Finga-

290 2495 359 2535 mus
383 2477 532 2557 principis
561 2478 717 2539 cuiusdam
750 2478 944 2537 interfectum
965 2477 1062 2539 filium
1091 2484 1121 2538 et
1144 2499 1210 2558 per-

290 2577 448 2621 cussorem
470 2566 590 2640 raptum
616 2563 678 2621 iam
705 2562 737 2620 in
758 2559 903 2621 iudicium
926 2561 1097 2640 capitaliter
1118 2580 1209 2621 accu-

290 2643 368 2721 sari,
392 2642 473 2722 quod
496 2645 521 2702 si
539 2644 569 2708 is
592 2662 695 2705 coram
718 2643 822 2704 iudica
842 2640 968 2703 caedem
990 2642 1112 2722 quidem
1135 2663 1153 2703 a
1176 2663 1210 2704 se

289 2726 402 2785 iactam
424 2745 494 2786 esse
515 2726 662 2806 fateatur,
701 2746 808 2787 verum
843 2746 877 2787 se
906 2747 924 2787 a
952 2732 983 2788 te
1010 2724 1209 2787 subornatum

291 2826 506 2888 percussorem
529 2810 627 2883 dicat,
666 2817 696 2870 tn
725 2816 828 2871 autem
850 2828 975 2870 securus
996 2810 1116 2869 interim
1141 2828 1210 2869 can·

290 2898 359 2951 tans
381 2902 435 2952 aut
456 2891 565 2953 ludens
587 2893 784 2971 obambules‚
811 2899 843 2953 et
869 2894 970 2954 statim
993 2912 1032 2964 ex
1053 2894 1209 2971 insperato

290 2977 322 3035 in
344 2993 498 3035 carcerem
516 2977 701 3037 coniiciaris:
726 2997 766 3038 an
789 2995 851 3037 uon
875 2978 1051 3037 tumeliam
1075 2976 1210 3055 amplum
1266 2990 1271 2999 ’

290 3058 352 3118 hoc
373 3058 478 3120 mundi
505 3062 638 3140 spatium
667 3061 826 3140 angustius
857 3059 1023 3137 videbitur,
1058 3078 1150 3137 quam
1178 3060 1209 3119 in

290 3160 353 3221 quo
377 3142 473 3203 latere
484 3143 607 3223 possis?
628 3144 807 3223 praesertim
831 3144 856 3203 si
873 3149 904 3204 ta
925 3150 978 3204 tua
992 3147 1117 3205 accuset
1137 3160 1210 3203 con·

290 3226 429 3304 scientia,
452 3233 484 3287 et
504 3228 669 3288 convincat
689 3224 815 3288 admissi
837 3225 982 3287 sceleris?
1006 3227 1048 3286 lta
1070 3244 1133 3287 non
1155 3245 1209 3306 po-

290 3314 353 3368 test
379 3327 441 3370 non
470 3310 566 3371 multo
599 3310 723 3391 gravius
752 3309 877 3390 dolere,
911 3310 963 3390 qui
989 3308 1072 3370 hanc
1096 3306 1211 3373 Christi

290 3393 469 3471 passionem
493 3393 656 3474 diligenter
677 3394 850 3455 meditatur.
874 3392 978 3453 ludaei
1001 3393 1092 3470 enim,
1108 3411 1210 3472 quam-

290 3476 338 3535 vis
359 3474 404 3534 illi
425 3476 569 3536 iudicium
592 3496 678 3536 suum
699 3478 760 3537 iam
782 3475 932 3553 habeant,
961 3482 993 3535 et
1023 3477 1128 3536 reiecti
1151 3478 1212 3537 sint

289 3577 311 3618 a
332 3558 411 3637 Deo,
434 3566 536 3619 tamen
557 3562 601 3621 tui
623 3562 743 3640 peccati
765 3560 894 3619 ministri
915 3558 1047 3638 luerunt,
1071 3567 1102 3620 et
1123 3566 1155 3619 tu
1177 3578 1210 3619 re

291 3660 366 3702 vcra
385 3644 523 3722 peccatis
541 3645 600 3705 tuis
611 3644 669 3705 Dei
689 3642 785 3703 filium
800 3641 949 3719 occidisti,
971 3661 1102 3722 eumque
1124 3640 1209 3703 affix-

288 3725 341 3785 isti
363 3726 455 3802 cruci,
477 3728 557 3788 sicut
577 3747 670 3809 supra
694 3736 820 3806 quoque
839 3726 1022 3788 monuimus.

376 3808 486 3888 Nono,
521 3831 615 3891 porro
644 3813 670 3871 si
700 3811 751 3889 qui
778 3808 858 3869 adeo
882 3808 947 3869 duri
970 3814 1001 3869 et
1022 3809 1108 3869 saxei
1130 3813 1210 3884 sunt,

292 3899 326 3953 ut
359 3912 400 3953 ex
432 3892 544 3954 Christi
579 3894 726 3971 passione
753 3910 855 3971 neque
890 3898 1075 3968 terreantur,
1109 3908 1210 3967 neque

292 3977 384 4035 etiam
406 3994 441 4036 se
462 3993 653 4056 cognoscere
673 3976 831 4055 incipiant,
853 3975 897 4035 illi
919 3976 1028 4035 merito
1050 3973 1106 4032 sihi
1129 3972 1210 4032 male

291 4066 437 4119 metuent.
481 4057 590 4133 Neque
611 4060 692 4117 enim
720 4059 809 4119 aliter
831 4057 897 4119 fleri
918 4062 1037 4141 potest,
1065 4073 1155 4134 quam
1178 4062 1211 4115 ut
