3075 4775
606 550 642 609 da
657 553 848 610 matrimonia·
1129 549 1193 618 449

270 735 388 814 siquis
409 745 505 814 queat
519 738 653 816 messui
694 735 755 812 Qui
775 745 879 798 summ
900 756 962 798 non
985 745 1097 818 polest,
1120 757 1192 800 oon·

270 818 372 878 mahat
403 818 573 899 legitimum
606 821 846 882 matrimonium.
888 819 991 882 Satius
1026 823 1108 882 enim
1144 831 1192 882 eet

270 901 454 962 eontrnhere
473 923 566 983 qumm
587 904 634 964 uri
647 903 704 983 *),
737 912 770 964 et
801 912 903 964 tamen
925 903 1036 964 melior
1055 906 1192 983 uastitas,

270 985 297 1044 si
317 986 368 1044 oui
389 988 558 1068 eontingut
1230 1050 1233 1064 ,

352 1067 510 1148 Ceterum,
552 1069 698 1131 doatores
741 1071 823 1130 eirea
862 1071 1090 1132 matrimonium
1134 1073 1192 1132 tria

270 1150 354 1212 bona
374 1155 605 1234 excogitarunt,
634 1153 683 1212 liis
709 1161 872 1231 serentes,
899 1173 939 1214 ne
965 1154 1097 1215 earnalis
1118 1173 1191 1215 oon-

268 1235 460 1314 oupisoentia
485 1237 613 1298 omnino
642 1244 727 1296 esset
747 1236 913 1298 mortifera.
956 1237 1074 1311 Primo,
1107 1237 1191 1315 quod

270 1327 509 1382 nonnumeratur
533 1321 614 1380 inter
634 1327 837 1382 santamente.
881 1319 1113 1382 Sacramentum
1135 1322 1190 1380 soi-

270 1402 344 1462 lioet
364 1403 409 1463 rei
429 1421 539 1464 saerae
560 1403 682 1483 signum
704 1409 760 1480 est,
783 1403 939 1482 spirituale
952 1404 1110 1484 quippiam
1131 1405 1189 1484 sig-

269 1483 421 1562 nificans,
455 1486 593 1547 eoeleste
625 1493 659 1546 et
688 1493 857 1547 aeternum.
905 1486 1050 1566 Exempli
1082 1489 1190 1566 gratia.

270 1567 450 1648 baptismus,
471 1589 534 1648 quo
556 1569 729 1650 presbyteri
750 1589 864 1648 pueros
885 1569 1022 1646 abluunt„
1045 1570 1190 1644 divinam,

269 1660 409 1722 sanatam
436 1662 469 1714 et
495 1659 653 1714 aeternam
682 1653 740 1712 Dei
771 1654 902 1732 gratiam
922 1653 1081 1733 designat,
1101 1671 1190 1732 quse

269 1735 361 1795 simul
380 1735 548 1799 infunditur
569 1737 601 1796 in
622 1753 733 1814 eorpus
755 1742 788 1796 et
810 1737 943 1798 animam
967 1735 1130 1816 baptizati,
1160 1748 1191 1796 et

268 1837 349 1897 quae
379 1828 492 1899 purget
528 1838 548 1878 a
581 1826 711 1898 psooato
746 1819 904 1898 originali,
934 1819 1049 1880 iaciens
1087 1822 1191 1880 omnia

269 1900 384 1962 munda
405 1902 615 1982 templumque
637 1903 704 1963 Dei.
746 1901 842 1980 Haeo,
864 1904 999 1981 iuquam,
1021 1902 1190 1981 spiritualia

267 1991 340 2044 sunt
367 1993 400 2045 et
426 1985 639 2066 corporalibus
668 1986 867 2064 externisque
894 1986 984 2046 rebus
1012 1985 1106 2068 longe
1128 2004 1189 2046 ma

269 2069 347 2143 iura,
369 2088 424 2148 per
444 2075 814 2148 quaerepraesentantur.

350 2152 577 2212 Matrimonium
609 2171 691 2232 ergo·
716 2159 941 2212 recrementum
969 2150 1089 2214 dieitur.
1135 2151 1189 2213 aar

267 2253 402 2315 namque
424 2244 516 2316 typus
537 2236 582 2295 rei
602 2235 814 2296 nobilissimae
839 2243 871 2295 et
884 2235 1107 2314 sanstissimae,
1127 2236 1189 2298 hoo

267 2325 326 2397 est,
343 2319 466 2380 unionis
486 2319 639 2399 humanas
661 2326 693 2380 et
714 2319 838 2380 divinae
859 2325 987 2380 naturae
1008 2320 1039 2380 in
1057 2317 1190 2380 Christo.

266 2402 348 2463 Hine
369 2404 469 2483 inquit
488 2403 601 2464 Paulus
615 2403 668 2477 *):
704 2402 970 2477 Quemadmodum
1001 2406 1047 2464 vir
1073 2411 1104 2464 et
1126 2423 1189 2463 mu-

147 2497 148 2526 l
269 2486 325 2545 liet
352 2485 414 2548 duo
446 2485 598 2565 quaedam
627 2504 720 2545 unum
748 2492 820 2546 sunt
852 2486 883 2546 iu
915 2504 1008 2546 earne
1036 2506 1111 2564 uua,
1145 2488 1190 2547 ita

268 2570 351 2629 Deus
373 2584 405 2629 et
423 2571 519 2631 homo
538 2589 617 2629 unus
639 2568 794 2644 Christus,
816 2568 859 2627 its
880 2567 1017 2629 Christus
1039 2577 1071 2629 et
1091 2569 1188 2630 eoois·

267 2654 316 2712 sia
336 2672 429 2713 unum
452 2672 584 2733 eorpus,
617 2650 701 2731 quod
728 2652 869 2732 protento
897 2670 1041 2732 magnum
1070 2658 1118 2712 est
1144 2671 1189 2713 sa·

268 2744 469 2798 aramentum.

351 2819 485 2881 Omnino
506 2820 612 2898 itaque
643 2837 692 2878 res
715 2824 824 2877 saneto
851 2823 900 2877 est
927 2824 958 2876 et
978 2836 1067 2877 saera
1088 2818 1189 2877 matri-

269 2905 424 2981 monium,
457 2903 483 2963 si
510 2904 568 2963 rite
594 2901 685 2963 luerit
704 2900 916 2978 observatum,
953 2901 984 2959 in
1005 2900 1090 2961 ouius
1111 2906 1187 2981 typo

267 2986 457 3067 significatur
478 2986 519 3064 is,
540 2986 610 3064 qui,
632 3004 702 3044 eum
724 2984 807 3044 Deus
829 2990 922 3061 esset,
943 2983 1040 3043 iaetus
1063 2992 1111 3043 est
1134 2981 1187 3044 ho·

266 3088 329 3148 mo,
352 3071 405 3149 qui
426 3088 496 3129 oum
517 3070 548 3131 in
569 3067 686 3145 anelis,
707 3067 857 3130 habitavit
877 3067 908 3127 in
930 3065 1119 3147 hominibus,
1142 3085 1188 3127 se·

267 3161 332 3215 met
352 3153 414 3214 illis
434 3153 631 3233 impartiens,
667 3152 754 3211 ouius
769 3150 921 3230 exemplo
943 3151 1092 3230 onningen
1114 3167 1187 3228 quo

183 3240 187 3253 ¹
267 3256 329 3317 que
350 3238 466 3298 vivant.

350 3317 581 3381 Advertendum
604 3311 660 3379 est
672 3316 740 3395 hie,
775 3316 825 3378 vel
857 3324 984 3397 propter
1005 3315 1061 3376 Dei
1092 3316 1188 3377 hono·

266 3424 349 3482 rem,
381 3422 472 3483 quam
495 3407 724 3463 saerosanotam
745 3420 809 3461 rem
831 3404 1044 3480 repraesentet
1064 3399 1187 3479 oopula

267 3489 312 3549 tio
333 3487 391 3547 viri
412 3492 444 3546 et
462 3485 613 3562 mulieris,
635 3493 720 3548 eerte
740 3484 961 3544 humanitatem
985 3480 1096 3544 Christi
1117 3482 1187 3545 lesu

147 3575 148 3622 l
265 3571 443 3631 servatoris.
478 3568 506 3629 A
529 3587 590 3647 quo
612 3567 674 3630 hoo
694 3566 846 3647 privilegii
868 3567 1012 3643 manavit,
1035 3584 1075 3627 ne
1096 3565 1185 3626 alise

267 3659 317 3713 tus
339 3654 439 3715 earnis
460 3670 585 3731 prorsus
614 3657 720 3711 essent
739 3648 858 3709 letales.
913 3648 951 3709 Hi
974 3650 1108 3709 enimin
1131 3667 1185 3709 no·

267 3737 315 3799 bis
333 3736 496 3815 exstirpari
518 3754 581 3795 non
602 3740 736 3813 possunt
753 3732 891 3812 penitus,
915 3733 1063 3793 mortiferi
1085 3738 1185 3793 tamen

266 3827 350 3898 sunt,
373 3820 494 3899 quoties
516 3823 606 3879 extra
625 3816 855 3877 matrimonium
878 3822 1105 3879 eonsumentur.

247 3964 252 3990 Ι
352 3902 546 3983 Quapropter
575 3901 725 3981 ooniuges
751 3898 933 3979 dignitatem
962 3899 1052 3961 huius
1086 3914 1185 3957 saara·

306 4096 333 4162 .)
352 4095 377 4149 1.
390 4090 514 4147 cornu.
534 4091 559 4147 u.
586 4087 632 4156 ⁸⁸)
651 4088 721 4158 aps.
740 4090 766 4144 s.

294 4192 880 4245 &Mori-vussnsuaasvum.
980 4159 1019 4222 29
