3075 4775
333 535 398 610 464
608 537 654 593 Vi.
673 537 781 593 thesio
797 535 948 606 umacus
967 539 1007 593 tit

340 733 456 809 quanto
484 733 587 788 rems
615 731 772 790 nutemus
806 727 967 806 angustior
996 733 1044 787 est
1071 745 1110 786 eo
1137 726 1268 804 mundo,

337 815 368 873 in
391 829 453 891 quo
473 812 534 870 iam
559 828 673 870 sumus.

422 895 518 955 Recte
538 894 631 973 igitur
651 891 811 966 dixerunt,
847 893 898 972 qui
920 893 1041 971 piorum
1064 899 1195 954 mortem
1219 912 1266 953 re·
1380 911 1388 936 ¹

339 979 573 1060 generationem
595 975 749 1056 qundam
772 993 843 1036 esse
856 975 971 1048 dicunt
995 983 1026 1038 et
1046 976 1126 1036 iusta
1140 995 1269 1056 quoquc

339 1064 369 1123 in
393 1063 514 1142 piorum
539 1061 720 1120 memoriam
749 1059 889 1118 instituta
909 1063 994 1120 recte
1015 1059 1134 1120 natales
1158 1059 1266 1140 appel-

340 1147 449 1206 iantur.
478 1144 618 1218 verum,
652 1143 724 1223 quia
751 1143 862 1202 semita
891 1143 998 1202 mortis
1026 1144 1185 1222 angustior
1208 1150 1266 1220 est,

339 1229 409 1290 ideo
443 1234 475 1288 et
507 1227 589 1287 hanc
617 1227 711 1286 vitam
738 1224 939 1304 ampliorem,
973 1233 1005 1285 et
1024 1226 1109 1285 iiiam
1130 1225 1265 1286 futuram

338 1312 545 1392 angustiorem
567 1327 638 1370 esse
659 1308 807 1370 ducimus.

420 1394 496 1454 Fide
515 1394 608 1473 igitur
629 1389 892 1473 apprehendenda
913 1391 974 1450 ista
995 1399 1086 1468 suut,
1109 1398 1141 1452 et
1161 1400 1266 1471 potest

338 1479 428 1539 nobis
450 1476 595 1555 exemplo
618 1495 703 1554 esse,
739 1493 802 1554 quo
834 1471 1032 1533 confirmetur
1057 1475 1110 1534 ille
1137 1475 1266 1535 infantis

338 1561 490 1621 nativitas.
525 1559 690 1637 Proposuit
712 1559 793 1619 enim
816 1564 848 1618 et
868 1575 936 1615 eam
958 1557 1186 1618 similitudinem
1210 1569 1265 1619 no-

338 1645 385 1704 bis
407 1643 554 1704 Christus.
593 1643 712 1720 Mulier,
734 1641 834 1721 inquit
848 1637 896 1722 ⁸),
920 1658 988 1701 cum
1012 1642 1100 1720 perit,
1122 1640 1265 1702 dolorem

338 1727 447 1804 habet,
475 1726 548 1804 quia
568 1727 654 1786 venit
674 1726 751 1786 hora
773 1725 856 1800 eius,
892 1740 962 1782 curu
984 1731 1086 1783 sutem
1109 1728 1267 1804 pepererit

338 1828 483 1890 puerum,
518 1809 579 1868 iam
611 1827 674 1870 non
711 1807 850 1868 meminit
884 1806 1063 1884 auxietatis,
1099 1816 1268 1887 propterea

339 1892 422 1974 quod
445 1891 579 1973 gaudeat
600 1892 756 1953 homiuem
781 1897 885 1950 natum
908 1907 977 1949 esse
999 1891 1030 1950 in
1055 1890 1178 1953 mundo.
1212 1891 1266 1952 Sic

338 1978 369 2037 in
399 1983 498 2036 morte
519 1994 641 2057 quoque
676 1982 722 2036 est
746 1974 809 2034 hoo
835 1973 1003 2052 periculum
1026 1976 1182 2036 constanti
1203 1975 1266 2036 tide

339 2058 540 2133 subeundum,
564 2067 595 2119 et
616 2065 687 2118 sunt
708 2053 878 2118 devorandi
899 2054 944 2114 illi
964 2075 1108 2136 angores,
1130 2058 1265 2118 futurum

340 2144 420 2203 enirn
444 2150 501 2215 est,
522 2143 607 2201 utin
630 2141 724 2222 longe
746 2139 1001 2220 praestantiorem
1023 2141 1127 2217 vitum,
1149 2141 1181 2200 in
1204 2161 1266 2221 qua

339 2231 520 2305 perpetuum
543 2231 574 2284 et
595 2224 728 2284 solidum
750 2223 790 2282 sit
813 2219 967 2304 gaudium,
989 2223 1210 2304 immigremus.

422 2305 539 2382 Quarto
549 2331 566 2382 ,·
591 2326 684 2388 porro
714 2307 759 2366 sic
789 2312 819 2365 te
849 2306 1019 2366 rectissime
1049 2305 1088 2366 ad
1116 2305 1177 2368 hoc
1209 2310 1268 2371 iter

340 2392 568 2472 comparaveris
591 2392 741 2472 principio
765 2390 918 2467 omnium,
948 2391 973 2449 si
995 2389 1171 2451 confitearis
1195 2412 1267 2472 pec-

340 2481 409 2535 cata
432 2481 500 2548 tua,
522 2474 702 2555 praesertim
725 2493 778 2550 eu,
800 2491 878 2551 quae
901 2481 931 2532 te
953 2474 1051 2555 magis
1075 2476 1267 2553 excruciant,

340 2565 372 2618 et
392 2577 471 2637 quae
493 2562 555 2617 tum
571 2560 705 2619 maxime
727 2575 761 2616 se
784 2556 879 2615 menti
902 2554 1050 2616 offerunt:
1074 2558 1148 2617 item
1170 2560 1196 2617 si
1219 2580 1267 2619 sa·

339 2649 527 2701 uramentum
551 2642 689 2721 corporis
712 2647 743 2701 et
765 2638 924 2719 sanguinis
943 2638 1065 2717 Christi,
1089 2658 1157 2701 cum
1181 2660 1264 2702 com-

339 2724 432 2785 mode
459 2723 566 2785 heberi
587 2725 704 2804 possit,
737 2723 899 2801 suscipias.
942 2722 1032 2798 Quod
1060 2724 1170 2784 sinon
1194 2745 1266 2805 pos-

339 2810 379 2867 sit
399 2806 526 2884 haberi,
560 2808 671 2867 solatio
705 2814 809 2866 tamen
841 2804 902 2866 hoc
931 2824 999 2866 esse
1021 2807 1151 2885 poterit,
1180 2809 1265 2887 quod

338 2890 452 2950 habere
482 2890 581 2969 ipsum
597 2890 717 2969 cupias
747 2894 780 2948 et
808 2895 948 2969 exoptes.
991 2888 1099 2968 Neque
1121 2890 1203 2951 adeo
1228 2912 1267 2952 ea

338 2994 387 3033 res
418 2979 449 3032 te
481 2972 684 3033 conturbabit.
729 2971 781 3032 Sic
811 2973 892 3031 enim
915 2972 1053 3032 Christus
1081 2972 1168 3033 dicit:
1194 2974 1266 3035 Om-

339 3058 390 3116 nia
412 3055 548 3116 credenti
570 3062 642 3115 sunt
662 3054 831 3135 possibilia.
875 3054 984 3134 Neque
1013 3056 1093 3115 enirn
1123 3063 1196 3118 sunt
1218 3076 1264 3117 sa

338 3147 495 3199 eramenta
519 3138 612 3216 aliud,
635 3156 725 3217 quam
739 3139 838 3218 signa,
861 3156 940 3218 quae
961 3137 1052 3199 fidem
1069 3139 1264 3220 confirment,

339 3230 370 3282 et
391 3240 470 3300 quae
491 3241 549 3282 nos
571 3222 609 3281 ad
632 3221 818 3281 credendum
842 3218 988 3298 invitant,
1027 3240 1166 3301 quaeque
1197 3227 1265 3285 sine
1296 3296 1301 3305 ι
1350 3236 1351 3241 ’

338 3304 398 3364 fide
420 3324 544 3384 prorsus
566 3304 641 3364 nihil
662 3311 801 3385 prosunt.

421 3386 553 3466 Quinto,
589 3388 650 3448 hoc
679 3394 781 3448 sutem
811 3388 938 3448 omnino
962 3388 1181 3467 praestandum
1206 3400 1264 3468 est,

339 3488 379 3529 ne
401 3478 635 3531 contemnamus
651 3478 859 3547 sacramenta,
882 3470 936 3533 sed
960 3478 993 3531 ut
1014 3490 1052 3532 ea
1067 3472 1264 3553 magnifacia

338 3572 406 3612 rnus
428 3561 459 3614 et
480 3560 692 3632 revereamur,
724 3561 757 3613 et
785 3560 851 3615 tuto
881 3556 917 3617 iis
946 3555 1119 3617 innitamur.
1164 3556 1266 3619 Debe

339 3638 509 3697 musenim
535 3639 582 3697 sic
603 3638 733 3713 sentire,
764 3638 861 3697 maius
896 3637 929 3699 in
961 3638 997 3697 iis
1029 3657 1100 3699 esse
1128 3640 1266 3720 pondus,

338 3738 430 3799 quam
451 3718 502 3778 vel
522 3721 702 3799 inpeccatis
725 3722 849 3798 nostris,
871 3721 921 3781 vel
942 3727 1043 3783 morte
1063 3721 1113 3783 vel
1130 3722 1266 3805 inferno,

338 3809 431 3881 atque
457 3801 504 3861 his
536 3822 611 3863 sane
639 3805 756 3883 opponi
779 3813 973 3867 sacramenta
994 3804 1122 3883 debent,
1159 3826 1265 3887 neque

546 3972 758 3979 m..-

410 4069 441 4135 ⁸]
461 4068 559 4125 lotum
578 4066 621 4123 16.
