3075 4775
336 519 400 588 496
567 523 700 580 Defensio
719 523 787 580 run.
807 523 1028 582 lielanolrthonis

338 713 515 794 priusquam
537 711 577 773 de
599 732 719 774 summa
739 712 858 776 iudicas
880 712 1082 776 decreverint.
1117 712 1261 789 Primum,

337 795 423 874 quod
443 796 523 855 inter
544 805 647 876 partes
670 798 831 874 convenit,
865 795 950 858 vides
978 796 1017 858 ad
1038 815 1088 858 me
1110 815 1173 856 uon
1195 814 1261 875 per·

337 879 446 940 tinere.
495 878 605 958 Neque
634 880 716 940 enim
753 880 919 959 quidquam
953 880 1027 942 mihi
1064 897 1132 940 oum
1165 878 1261 938 Eccio

336 981 437 1022 rernm
451 962 661 1040 unquamiuit,
683 971 715 1022 et
729 962 870 1043 Lipsicee
886 982 1009 1044 pugnae
1032 965 1152 1025 otiosus
1174 980 1261 1041 spec-

338 1053 419 1106 tator
444 1046 476 1104 in
505 1045 624 1124 reliquo
647 1045 741 1125 vulgo
764 1046 840 1108 sadi.
884 1045 1006 1108 Deinde
1028 1046 1068 1106 de
1085 1043 1261 1125 evulganda

337 1128 547 1208 disputatione
568 1136 690 1189 cautum
713 1137 771 1191 est.
815 1130 856 1191 At
884 1149 942 1212 ego
974 1130 1075 1192 obiter
1096 1137 1128 1190 et
1149 1146 1262 1208 pauen-

336 1213 384 1272 las
406 1219 522 1272 tantum
545 1213 714 1272 sententiae
736 1211 898 1292 decerpsi,
922 1213 1071 1293 equibus
1094 1212 1191 1292 magis
1214 1230 1259 1270 ar-

336 1302 484 1376 gumenta
516 1294 733 1376 disputationis
767 1305 1044 1376 cognoscerentur,
1086 1313 1175 1375 qnam
1212 1293 1260 1354 vel

336 1375 561 1440 aestimaretur
576 1386 719 1456 eventus,
752 1378 803 1440 vel
829 1378 1014 1440 iudicaretur
1041 1377 1142 1440 causa.
1200 1375 1260 1436 Ob-

315 1477 437 1539 secro,
459 1461 499 1522 dc
522 1462 651 1522 victorie
672 1463 863 1542 pronuncio,
886 1481 954 1524 cum
978 1461 1048 1524 dico
1072 1481 1133 1522 non
1157 1467 1259 1521 ectum

336 1563 408 1608 ease
442 1546 521 1606 inter
542 1544 669 1606 Eccium
705 1551 737 1606 et
767 1544 1016 1607 Carolos'tadium
1055 1545 1094 1606 de
1125 1543 1261 1604 humana

336 1627 468 1708 iustitis,
497 1647 552 1690 seu
586 1627 625 1688 dc
649 1629 757 1690 merito
780 1614 924 1709 congrui,
962 1627 1017 1690 sed
1054 1648 1092 1690 en
1116 1627 1260 1687 voluntas

337 1711 453 1772 bonum
474 1729 555 1790 opus
577 1719 693 1772 tantum
721 1712 872 1791 recipiat?
895 1711 974 1788 Quid
1003 1697 1272 1785 controvertatur',r

336 1794 451 1872 indico,
471 1812 535 1855 non
558 1795 739 1875 pronuncio,
761 1803 829 1856 uter
851 1796 967 1858 vicerit.
1018 1794 1079 1856 lam
1110 1793 1195 1874 quod
1217 1794 1261 1852 ait

336 1877 445 1938 iudicis
467 1877 571 1940 officio
593 1898 643 1940 me
665 1877 859 1953 defunctum,
888 1879 961 1940 satis
990 1897 1039 1938 me
1063 1877 1174 1938 liberat
1195 1877 1257 1955 epi-

336 1961 434 2038 stola,
457 1962 487 2020 in
512 1980 572 2040 qua
593 1961 671 2022 haee
692 1963 812 2038 insunt,
834 1980 980 2040 quorsum
1003 1960 1179 2024 inclinarint
1200 1979 1260 2037 res,

337 2045 410 2106 mihi
432 2063 509 2105 sane
530 2064 593 2106 non
616 2056 664 2106 est
682 2047 715 2106 iu
736 2044 866 2125 proclivi
887 2043 1033 2106 iudicare.

420 2126 458 2210 2)
484 2128 628 2190 Voluisse
649 2127 786 2206 Eccium,
808 2148 848 2188 ne
870 2127 1049 2206 dictaretur,
1072 2133 1168 2188 testes
1190 2133 1261 2185 eunt

336 2212 509 2291 gravissimi
532 2220 564 2270 ct
583 2211 772 2290 integerrimi
794 2213 865 2290 viri,
889 2213 939 2291 qui
962 2231 1066 2272 coram
1090 2209 1259 2290 designetis

336 2311 405 2354 cam
427 2312 551 2354 causam
567 2295 676 2372 partim
699 2295 758 2373 ipsi
780 2303 919 2376 egerunt,
941 2296 1050 2376 partim
1074 2293 1175 2353 studio
1198 2292 1259 2352 fac-

337 2377 455 2441 tionum
477 2384 655 2457 praesentes
678 2379 729 2458 egi
763 2378 913 2441 viderunt.
941 2379 1006 2443 lem
1028 2383 1062 2439 ut
1084 2377 1155 2439 dem
1177 2375 1258 2456 apud

337 2459 516 2540 designatos
539 2479 601 2523 non
623 2461 655 2522 id
676 2469 779 2523 ectum
801 2482 887 2539 esee,
927 2462 1029 2543 palam
1058 2468 1121 2538 est,
1156 2460 1258 2539 displi-

335 2544 438 2605 cuisse
460 2544 622 2606 consilium
645 2546 830 2625 excipiendi.
874 2546 986 2623 Porro,
1020 2544 1091 2625 qnid
1124 2544 1261 2625 oportuit

336 2627 508 2689 detrectare
531 2630 665 2689 universi
692 2630 776 2690 orbis
797 2628 941 2690 iudicium
963 2629 1057 2708 idque
1077 2630 1108 2703 iq
1131 2645 1259 2707 paucos,

336 2713 444 2772 nescio
466 2731 561 2790 qnos,
596 2713 741 2790 reiieere,
776 2713 801 2773 si
830 2712 900 2774 fidei
924 2730 1064 2789 eausam,
1104 2718 1136 2771 nt
1157 2719 1259 2785 vocat,

337 2793 495 2857 obscurari
516 2794 624 2857 noluit.

420 2875 459 2960 3)
481 2878 667 2958 Susceperat
688 2878 918 2941 Carolostadius
939 2876 1164 2939 defendendam
1186 2894 1259 2935 con·

335 2960 506 3023 clusicnem
522 2980 609 3021 suam
625 2961 837 3044 undecimam:
859 2961 1000 3023 Liberum
1013 2960 1169 3021 arbitrium
1185 2966 1257 3019 ente

336 3046 466 3125 gratiam
488 3062 551 3105 non
574 3044 687 3124 valere,
710 3046 768 3105 nisi
790 3045 830 3105 ad
851 3044 1051 3125 peccandum.
1094 3042 1183 3104 Hanc
1205 3061 1258 3121 op-

337 3126 496 3208 pugnabat
515 3127 642 3207 Elccius,
673 3148 764 3207 quam
798 3128 885 3190 vides
920 3128 959 3189 de
980 3128 1121 3190 humanis
1143 3124 1257 3187 viribus

336 3212 545 3291 propositam,
580 3218 673 3291 atque
705 3211 785 3272 adeo
815 3212 854 3272 de
881 3212 997 3273 iustitia
1018 3210 1169 3286 humana,
1203 3227 1257 3267 seu

337 3296 447 3355 merito
469 3296 608 3375 congrui.
657 3295 765 3375 Neque
787 3298 848 3357 iam
872 3296 1010 3375 disputo,
1042 3292 1171 3361 accedet
1207 3310 1257 3371 pe-

336 3377 451 3438 culiare
471 3378 630 3454 auxilium,
651 3396 766 3453 necne,
790 3380 910 3439 varient
929 3379 1010 3439 enirn
1033 3377 1144 3456 stipsi
1167 3394 1257 3454 quae-

336 3461 470 3521 stionum
493 3462 638 3543 Magistri.
683 3463 774 3523 Certe
803 3482 916 3543 magno
949 3480 1104 3523 consensu
1131 3458 1258 3519 scholae

335 3543 367 3603 id
387 3545 542 3625 peculiare
561 3546 707 3609 auxilium
730 3547 859 3626 gratiam
882 3546 953 3607 lesu
966 3543 1078 3605 Christi
1101 3560 1170 3603 esse
1194 3560 1257 3603 non

336 3630 524 3708 permittunt.
568 3629 669 3708 Atque
705 3631 736 3691 id
757 3635 840 3707 erat,
874 3628 957 3707 quod
996 3626 1078 3689 avidi
1101 3625 1257 3687 auditores

258 3770 261 3773 ,
336 3712 609 3792 exspectabamus,
643 3713 726 3792 quod
742 3714 890 3773 lectorem
913 3710 952 3771 ad
974 3730 1060 3771 suem
1084 3709 1259 3772 conclusio·

335 3814 406 3855 nem
438 3795 571 3875 relegat,
604 3817 695 3857 nemo
733 3804 795 3856 tam
819 3794 957 3875 stupidus
991 3800 1054 3870 est,
1087 3794 1138 3872 qui
1170 3798 1259 3871 putet

336 3878 583 3940 Carolostadinm
599 3879 764 3940 Eccianam
783 3878 1014 3939 conclusionem
1027 3874 1256 3936 defendendam

336 3963 518 4041 suscepisse.
551 3960 599 4022 Ab
621 3961 675 4023 illo
696 3963 838 4023 instituto
860 3962 891 4021 in
914 3960 1072 4041 angustiae
1096 3957 1257 4043 quasdam,
