3075 4775
325 539 367 606 32
511 545 668 615 Disputatio
681 507 797 615 ¹lipsiae
816 545 911 603 habita
927 559 953 602 ι.
971 543 1036 600 nx

324 732 541 832 nis,·sius·(lerrr
564 733 662 794 meriti
689 739 725 798 at
746 731 882 831 eiusdem
903 730 1070 832 aaoerdolli
1090 740 1147 797 est.
1185 733 1244 796 Po·

323 815 1243 993 llltllltllmultllfflttlllt‘ttttitt

323 982 535 1079 apostolorum
557 1001 753 1081 suooessorss
779 989 861 1079 sunt.
882 983 1061 1079 'Reoitatur
1081 983 1163 1080 liaeo
1181 984 1243 1064 api·

322 1065 407 1210 llll
424 1065 1243 1232 llt't‘gtllli‘tl'ltltitti·tritt

146 1213 148 1220 X
203 1227 212 1239 ⁴
322 1230 497 1312 presbyter,
525 1235 575 1313 qui
604 1235 783 1314 episcopus,
814 1240 847 1292 et
875 1241 1039 1312 antequam
1061 1231 1178 1294 diaboli
1197 1234 1243 1294 iu·

238 1347 242 1354 =
323 1315 436 1376 stinotu
464 1315 564 1376 studia
595 1318 626 1376 in
646 1315 796 1394 religione
823 1313 949 1395 tierent,
978 1324 1011 1378 et
1038 1317 1190 1378 disseretur
1210 1316 1242 1376 iu
1274 1333 1278 1343 ·

322 1397 459 1479 populis:
488 1399 557 1480 Ego
585 1416 654 1460 sum
675 1397 779 1475 Pauli,
811 1417 871 1478 ego
900 1417 967 1460 sunr
989 1400 1130 1479 Cephae,
1160 1417 1242 1460 oorn-

323 1483 406 1543 mani
426 1481 673 1562 presbyterorum
697 1480 829 1542 oonsilio
858 1482 1010 1544 eeclesiae
1031 1481 1244 1563 gubernabun-

322 1571 380 1630 tur.
423 1563 589 1644 Postquam
614 1583 687 1626 vero
709 1565 919 1652 unusquisque
940 1584 1012 1642 eos,
1044 1584 1122 1645 quos
1146 1564 1243 1646 bapti·

322 1647 421 1726 zabat
444 1666 518 1708 suos
546 1666 616 1708 esse
638 1647 784 1728 putabat‚
816 1649 847 1707 in
880 1656 947 1710 toto
980 1649 1056 1712 orbo
1083 1647 1242 1720 deoreturn

322 1736 383 1809 ost,
406 1737 440 1791 ut
461 1749 538 1792 unus
553 1729 599 1790 tle
621 1729 807 1811 presbyteris
829 1730 947 1792 elautus
969 1738 1241 1811 superponeretur.

247 1834 249 1847 ’
321 1811 361 1873 lit
380 1812 512 1874 induetis
526 1813 738 1876 autoritatibus
751 1813 926 1895 scripturae
949 1814 1023 1876 dloit
1041 1816 1072 1875 in
1094 1813 1171 1876 line:
1195 1813 1243 1876 Si·

322 1903 374 1957 aut
394 1915 468 1978 argo
491 1897 662 1980 presbyteri
691 1897 791 1962 soiunt
819 1916 854 1959 se
876 1917 915 1958 ex
936 1897 1089 1959 eoolesise
1110 1916 1241 1958 oonsue·

322 1977 426 2042 tudine
448 1981 491 2060 ei,
525 1982 577 2060 qui
605 1981 663 2041 sibi
693 1981 887 2060 praepositus
907 1981 1008 2060 fuerit,
1029 1999 1099 2041 esse
1121 1978 1242 2059 subiet·

321 2059 386 2139 tos,
419 2064 463 2124 ita
484 2065 624 2144 episoopi
654 2064 797 2124 noverint
828 2082 863 2124 se
889 2064 988 2145 magis
1016 2062 1242 2125 muraenulas

321 2165 412 2225 quam
440 2145 651 2226 dispositionis
687 2146 862 2208 dominicae
889 2149 1018 2209 veritate
1051 2145 1240 2227 presbyteris

309 2221 391 2290 ‘esse
412 2231 552 2291 maiores.
596 2229 668 2292 ldeo
692 2228 775 2309 quod
797 2230 836 2291 D.
857 2230 893 2291 l).
924 2229 1058 2309 addidit,
1089 2249 1110 2291 a
1131 2229 1242 2291 Hiero·

274 2365 279 2381 ‘
320 2311 1240 2479 lll⁰lltl¹tll⁰„tltltllltlllllttlllr

320 2478 429 2541 Christi
451 2480 571 2559 loquor,
593 2486 625 2541 et
640 2478 820 2541 beatitudini
841 2489 923 2560 tuoe,
943 2481 974 2542 id
996 2488 1053 2560 est,
1076 2480 1242 2544 cathedrae

318 2562 399 2623 Petri
420 2565 599 2642 sonsooius,
632 2582 724 2643 super
754 2564 839 2623 illam
871 2570 991 2645 petrem
1011 2563 1169 2626 fundatam
1191 2582 1239 2625 eo

211 2642 215 2649 ’
320 2646 445 2707 olesiam
468 2648 548 2724 seio,
578 2646 651 2708 nihil
671 2646 762 2725 faoit3
794 2666 858 2708 non
886 2648 1040 2727 sequitur,
1074 2646 1241 2709 consocior

278 2786 280 2791 .
319 2728 389 2790 lruia
411 2730 577 2810 ecelesiae,
600 2747 673 2812 ergo
696 2730 776 2791 huso
796 2735 845 2793 est
865 2730 934 2792 solo
954 2732 1063 2811 prima.
1105 2730 1173 2798 Neo
1193 2748 1240 2791 se

319 2814 428 2959 ppppur,
450 2821 503 2876 est
518 2813 646 2877 fundata
666 2834 759 2894 supra
769 2821 899 2894 petram,
920 2832 995 2895 ergo
1017 2812 1085 2877 sola
1106 2821 1154 2875 est
1173 2813 1261 2878 liin.

219 2960 222 2969 ¹
306 2994 308 3002 ’
401 2978 532 3041 Aooedit
570 2978 610 3040 ad
646 2979 707 3041 hoo
737 2940 893 3042 deoreturn
928 2980 1062 3042 Conoilii
1090 2978 1239 3057 Africani,

319 3062 387 3124 dist.
421 3064 470 3127 99.
493 3082 560 3143 oop.
591 3061 721 3123 Primae.
763 3062 899 3140 Patrae,
933 3064 1050 3143 inquit,
1070 3062 1154 3124 sedis
1177 3063 1239 3143 epi·
1310 3134 1313 3137 ⁴

212 3191 219 3200 ,
318 3164 431 3226 soopus
445 3164 512 3206 non
524 3144 695 3225 appelletur
706 3146 849 3227 prinoeps
864 3145 1079 3238 ssosrpotun,
1090 3151 1147 3210 sut
1158 3165 1240 3209 sum·

319 3248 385 3289 runs
411 3227 574 3307 saoerdos,
602 3235 656 3289 aut
686 3228 802 3308 aliquid
828 3227 1020 3308 huiusmodi,
1043 3228 1098 3290 seri
1119 3226 1238 3291 tanturn

318 3312 433 3391 primae
463 3310 543 3371 sodis
571 3312 745 3393 episeopus.
788 3311 977 3375 Universalis
1005 3319 1108 3374 nulum
1136 3311 1238 3374 Ponti·

316 3393 368 3455 fox
388 3412 448 3455 neo
468 3392 627 3455 Romanus
649 3394 829 3476 appelletur.
872 3395 978 3472 Quare
999 3396 1024 3457 si
1037 3396 1152 3458 -diviuo
1173 3396 1238 3458 iure

317 3483 413 3539 staret
435 3476 614 3539 monarohiu
639 3478 727 3540 Rom.
751 3478 926 3558 Pantilius,
959 3479 1039 3541 haee
1066 3479 1170 3541 omnia
1192 3496 1238 3539 es

317 3568 387 3624 sent
413 3560 583 3640 haeretios,
614 3562 697 3642 quod
733 3568 781 3623 est
807 3563 1002 3625 temerarium
1027 3580 1180 3640 asserere,
1207 3568 1258 3623 etx

317 3646 348 3705 in
379 3642 440 3705 fine
462 3643 622 3715 audiamus
647 3647 747 3727 ipsunt
769 3645 952 3725 Dominum,
985 3647 1037 3726 qui
1064 3645 1165 3706 Luoae
1187 3646 1238 3709 22.

317 3727 403 3789 dioit:
426 3727 520 3788 Faota
542 3734 589 3788 est
609 3735 711 3790 autem
735 3730 894 3790 contentio
917 3728 1147 3808 discipulorum,
1213 3728 1220 3742 '

316 3829 423 3872 eorum
446 3810 599 3873 videretur
612 3830 690 3873 'esse
713 3812 820 3874 maior.
862 3812 1072 3876 uiritantem
1093 3746 1238 3873 eiszfflle
1282 3815 1287 3823 '

278 3936 285 3947 ·
315 3913 370 3976 ges
392 3893 748 3977 gentium-dominantur
771 3914 891 3974 mum,
924 3902 956 3956 et
976 3896 1028 3975 oui
1049 3899 1237 3975 potestatem
1278 3925 1282 3935 .

315 3979 430 4043 habent
459 3998 552 4061 super
580 3996 651 4055 sos,
686 3978 817 4043 bonelloi
845 3984 1009 4058 vocentur,
1044 3997 1100 4040 ros
1132 3983 1237 4044 autam

315 4067 463 4144 noreio,
498 4065 552 4127 sed
591 4064 642 4144 qui
675 4065 774 4124 maior
808 4069 858 4125 est
883 4069 1039 4140 restrum,
1073 4058 1128 4125 aas
1158 4060 1238 4121 aaut

315 4160 424 4213 milior.
