3075 4775
347 550 411 619 292
538 556 630 610 Rosci.
650 556 678 610 t.
698 570 759 625 sup.
778 554 862 624 Prop.
881 572 904 610 s.
923 556 996 625 Lips.
1015 556 1085 625 disp.

349 748 503 820 stntrunt,
527 762 594 803 cum
617 762 679 803 non
702 743 742 801 sit
762 744 918 823 superior,
951 744 1003 821 qui
1025 762 1095 803 eum
1118 742 1274 823 deponat3

350 829 374 885 si
396 835 499 886 autem
521 830 570 887 est
591 826 670 885 ultus
692 827 841 905 superior,
863 816 1080 887 ut'Cdnciiium
1097 827 1198 906 (quod
1218 846 1271 885 ve-

353 928 417 969 rum
442 912 526 987 est),
548 912 609 969 inm
631 911 698 988 ipse
719 928 783 969 uon
805 917 854 970 est
884 910 1020 969 cronium
1045 912 1188 989 superior
1205 909 1272 969 inre

350 992 467 1068 divino,
482 992 537 1052 sed
551 994 663 1072 accipit
678 992 758 1053 hanc
775 993 1020 1072 superioritatem
1039 993 1176 1053 humano
1191 992 1272 1053 Gon·

351 1075 413 1136 cilii
433 1077 515 1154 iure,
539 1077 586 1136 cui
603 1095 670 1135 eam
693 1091 803 1135 rursus·
818 1074 911 1137 debet
932 1076 1110 1136 mutandum
1134 1078 1204 1137 eius
1227 1096 1272 1135 ar-

347 1157 448 1220 bitrio.

418 1242 508 1302 Pluru
533 1250 583 1316 (ut
603 1241 683 1317 dixi)
709 1248 905 1321 provocat-us,
928 1261 998 1301 nam
1015 1242 1174 1303 servanda
1192 1251 1273 1320 sunt,
1370 1281 1376 1294 t

350 1333 380 1385 et
392 1326 422 1385 in
434 1324 589 1405 pracsidio
604 1323 843 1384 armuudversus
853 1327 1056 1405 pertinacium
1068 1325 1271 1386 aemulorum.

433 1409 464 1468 in
487 1407 547 1468 flue
570 1414 687 1487 repeto,
711 1426 791 1486 quae
807 1409 837 1467 in
852 1410 1003 1489 principio
1020 1409 1093 1485 dixi,
1115 1428 1167 1469 me
1187 1428 1273 1489 pror-

350 1510 401 1554 sus
424 1490 563 1551 confiteri
599 1498 630 1550 et
657 1493 734 1551 tueri
764 1492 928 1571 primatum
950 1492 1083 1553 Romani
1105 1490 1272 1573 pontificis,

350 1581 481 1653 quantus
513 1582 644 1652 quantus
674 1581 735 1651 est,
769 1574 826 1634 tuit
846 1582 899 1635 ant
924 1575 1045 1638 iuturus
1066 1585 1129 1654 est,
1159 1575 1274 1654 solum,

350 1656 431 1737 quod
456 1676 569 1717 novum
592 1655 706 1737 dogma
731 1674 801 1717 esse
823 1660 899 1736 scio,
921 1660 986 1718 iure
1009 1658 1115 1719 divino
1138 1659 1273 1719 eundem

350 1738 494 1816 stabiliri,
527 1741 598 1819 quia
627 1740 727 1801 nullus
760 1742 954 1820 antiquorum
978 1742 1100 1802 Petrum
1132 1743 1275 1803 meminit

350 1825 415 1884 eius
438 1824 557 1883 articuli
579 1820 660 1901 fidei,
681 1825 732 1903 qui
757 1832 859 1884 tamen
882 1826 987 1885 omnia
1008 1832 1069 1885 tam
1084 1827 1134 1905 pie
1157 1831 1191 1885 et
1212 1825 1273 1885 soi-

350 1907 447 1983 licite‚
465 1925 546 1989 quae
568 1916 692 1967 nostrae
714 1904 787 1967 fidei
802 1915 881 1988 sunt,
904 1909 1124 1988 exquisierunt,
1146 1928 1205 1968 neo
1228 1929 1274 1969 se·

352 1990 484 2049 cundum
509 1990 640 2050 eundem
663 1997 792 2071 egerunt
814 1999 867 2051 aut
887 1993 1039 2070 vixerunt,
1061 2010 1140 2070 quos
1163 2009 1273 2053 omnes

352 2073 524 2133 haereticos
548 2073 607 2133 dici
630 2073 713 2132 nulls
734 2075 855 2134 ratione
877 2077 985 2155 patiar.
1029 2076 1132 2155 Atque
1152 2078 1184 2135 in
1206 2076 1274 2136 dies

352 2158 449 2237 magis
485 2156 558 2215 mihi
591 2157 701 2237 placeo
733 2164 765 2217 et
794 2157 942 2238 superbus
972 2156 1030 2230 fio,
1064 2158 1148 2239 quod
1180 2160 1274 2237 yideo

351 2256 465 2299 nomen
495 2241 661 2317 pessimum
696 2240 770 2300 mihi
794 2260 943 2303 crescere.
986 2242 1157 2303 Veritatem
1181 2245 1275 2319 enim,

351 2319 453 2400 idest,
476 2320 639 2406 Christum,
662 2330 787 2404 oportet
807 2342 956 2404 crescere,
978 2343 1028 2385 me
1042 2333 1145 2387 autem
1168 2328 1275 2385 minui.

351 2404 422 2466 Plus
444 2406 565 2486 gaudeo
589 2407 629 2466 ud
641 2427 751 2468 vocem
774 2410 880 2488 sponsi
901 2416 933 2469 et
954 2428 1098 2490 sponsae,
1121 2414 1214 2490 quani
1231 2421 1274 2472 tu-

350 2489 476 2548 multum
489 2487 518 2566 1)
531 2497 560 2549 et
567 2490 733 2551 clamorem
743 2492 967 2553 luxuriosorum
980 2512 1144 2576 procorum
1157 2503 1274 2572 metuo,

351 2579 462 2650 certus,
485 2573 568 2651 quod
580 2575 733 2650 homines,
751 2577 803 2654 qui
820 2577 962 2636 videntur
973 2576 1047 2637 mihi
1058 2577 1274 2659 advenerim),

334 2657 409 2736 ipsi
430 2673 493 2716 non
516 2659 750 2719 summoturum
766 2668 901 2737 autores,
925 2677 984 2719 nec
1005 2677 1061 2722 ecs
1074 2661 1147 2722 odio
1162 2661 1275 2724 habeo.

349 2736 408 2799 Sed
433 2738 603 2801 Behemoth
637 2741 691 2801 iile
722 2743 865 2822 princeps
895 2744 1063 2821 melorum,
1103 2763 1195 2824 quem
1219 2765 1275 2826 per
1357 2764 1362 2769 ·

349 2822 473 2883 umbras
504 2840 574 2883 suas
610 2825 716 2903 video,
754 2825 848 2885 vellet
869 2826 944 2887 mihi
964 2826 1166 2889 formidabilis
1197 2827 1275 2907 fleri,

350 2906 374 2964 si
397 2914 519 2985 posset,
550 2916 580 2967 ct
602 2909 765 2972 veritatem,
785 2929 803 2970 e
824 2927 921 2991 regno
944 2929 1000 2972 suo
1024 2913 1085 2970 mei
1107 2913 1276 2972 occasione

350 2988 531 3069 exturbare,
556 2989 609 3050 sed
633 2993 732 3052 maior
756 2999 818 3068 est,
842 2996 945 3072 quiin
969 2995 1059 3056 nobis
1084 3002 1149 3075 est,
1182 3015 1276 3075 quam

353 3073 403 3152 qui
426 3075 456 3132 in
479 3073 606 3154 mundo,
629 3093 690 3153 quo
709 3075 788 3135 duce
810 3076 885 3136 nihil
896 3077 1038 3158 proficiet
1051 3079 1194 3139 inimicus
1204 3081 1274 3142 iste.

351 3155 461 3216 Amen.

392 3238 541 3300 Praesens
565 3240 645 3300 male
668 3241 783 3303 iudicat
803 3249 899 3322 netes,
921 3245 1066 3306 iudicium
1087 3246 1198 3305 meiius
1222 3264 1275 3326 po·

691 3327 836 3386 steritetis
866 3329 924 3387 erit

925 3376 931 3388 0

930 3401 941 3420 Ι
1025 3401 1029 3407 ι

706 3571 902 3579 ——-—-—-—-—-

365 3989 785 4002 Wan—

390 4092 418 4150 1]
439 4091 467 4142 In
488 4088 552 4143 edd.
574 4090 657 4160 prig.:
679 4091 712 4142 ad
733 4091 889 4144 tumultum.
927 4091 959 4159 2)
983 4092 1074 4146 nid:
1087 4093 1241 4150 adversari.
