<?xml version="1.0" encoding="UTF-8"?>
<!DOCTYPE html PUBLIC "-//W3C//DTD XHTML 1.0 Transitional//EN"
    "http://www.w3.org/TR/xhtml1/DTD/xhtml1-transitional.dtd">
<html xmlns="http://www.w3.org/1999/xhtml" xml:lang="en" lang="en">
 <head>
  <title>
</title>
<meta http-equiv="Content-Type" content="text/html;charset=utf-8" />
  <meta name='ocr-system' content='tesseract 3.04.00' />
  <meta name='ocr-capabilities' content='ocr_page ocr_carea ocr_par ocr_line ocrx_word'/>
</head>
<body>
  <div class='ocr_page' id='page_1' title='image "./operalatinavari02schmgoog_0426.png"; bbox 0 0 3075 4775; ppageno 0'>
   <div class='ocr_carea' id='block_1_1' title="bbox 319 459 329 494">
    <p class='ocr_par' dir='ltr' id='par_1_1' title="bbox 319 459 329 494">
     <span class='ocr_line' id='line_1_1' title="bbox 319 459 329 494; baseline 0 0"><span class='ocrx_word' id='word_1_1' title='bbox 319 459 329 494; x_wconf 87' lang='grc' dir='ltr'><em>Ι</em></span> 
     </span>
    </p>
   </div>
   <div class='ocr_carea' id='block_1_2' title="bbox 346 516 1028 584">
    <p class='ocr_par' dir='ltr' id='par_1_2' title="bbox 346 516 1028 584">
     <span class='ocr_line' id='line_1_2' title="bbox 346 516 1028 584; baseline 0.003 -14"><span class='ocrx_word' id='word_1_2' title='bbox 346 516 411 584; x_wconf 76' lang='grc'>420</span> <span class='ocrx_word' id='word_1_3' title='bbox 587 516 636 572; x_wconf 84' lang='lat'>111.</span> <span class='ocrx_word' id='word_1_4' title='bbox 654 551 657 556; x_wconf 90' lang='lat'>-</span> <span class='ocrx_word' id='word_1_5' title='bbox 673 516 780 572; x_wconf 74' lang='lat' dir='ltr'>Ocnum</span> <span class='ocrx_word' id='word_1_6' title='bbox 799 517 834 574; x_wconf 85' lang='lat' dir='ltr'>de</span> <span class='ocrx_word' id='word_1_7' title='bbox 852 520 1028 574; x_wconf 71' lang='lat' dir='ltr'>cornminus</span> 
     </span>
    </p>
   </div>
   <div class='ocr_carea' id='block_1_3' title="bbox 313 691 1361 786">
    <p class='ocr_par' dir='ltr' id='par_1_3' title="bbox 313 691 1389 790">
     <span class='ocr_line' id='line_1_3' title="bbox 313 691 1361 786; baseline 0.002 -19"><span class='ocrx_word' id='word_1_8' title='bbox 313 691 418 768; x_wconf 59' lang='lat' dir='ltr'>&#39;Non</span> <span class='ocrx_word' id='word_1_9' title='bbox 441 711 544 766; x_wconf 88' lang='lat' dir='ltr'>tamen</span> <span class='ocrx_word' id='word_1_10' title='bbox 567 712 615 766; x_wconf 90' lang='lat' dir='ltr'>cst</span> <span class='ocrx_word' id='word_1_11' title='bbox 634 705 696 767; x_wconf 91' lang='lat' dir='ltr'>boc</span> <span class='ocrx_word' id='word_1_12' title='bbox 726 707 773 766; x_wconf 89' lang='lat' dir='ltr'>sic</span> <span class='ocrx_word' id='word_1_13' title='bbox 797 705 1010 786; x_wconf 86' lang='lat' dir='ltr'>accipiendum</span> <span class='ocrx_word' id='word_1_14' title='bbox 1040 713 1135 785; x_wconf 80' lang='lat' dir='ltr'>atque</span> <span class='ocrx_word' id='word_1_15' title='bbox 1155 707 1182 766; x_wconf 91' lang='lat' dir='ltr'>si</span> <span class='ocrx_word' id='word_1_16' title='bbox 1203 725 1273 767; x_wconf 83' lang='lat' dir='ltr'>sen·</span> <span class='ocrx_word' id='word_1_17' title='bbox 1359 717 1361 722; x_wconf 84' lang='lat'>&#39;</span> 
     </span>
    </p>
   </div>
   <div class='ocr_carea' id='block_1_4' title="bbox 349 787 1273 952">
    <p class='ocr_par' dir='ltr' id='par_1_4' title="bbox 349 787 1273 952">
     <span class='ocr_line' id='line_1_4' title="bbox 349 787 1272 870; baseline 0.001 -21"><span class='ocrx_word' id='word_1_18' title='bbox 349 790 423 849; x_wconf 84' lang='lat' dir='ltr'>tiam</span> <span class='ocrx_word' id='word_1_19' title='bbox 445 796 608 870; x_wconf 86' lang='lat' dir='ltr'>peccatum</span> <span class='ocrx_word' id='word_1_20' title='bbox 630 807 700 850; x_wconf 89' lang='lat' dir='ltr'>esse</span> <span class='ocrx_word' id='word_1_21' title='bbox 722 787 882 850; x_wconf 86' lang='lat' dir='ltr'>Pascbatis</span> <span class='ocrx_word' id='word_1_22' title='bbox 904 797 1043 870; x_wconf 86' lang='lat' dir='ltr'>tempore</span> <span class='ocrx_word' id='word_1_23' title='bbox 1074 797 1272 852; x_wconf 85' lang='lat' dir='ltr'>sacramento</span> 
     </span>
     <span class='ocr_line' id='line_1_5' title="bbox 350 869 1273 952; baseline 0 -20"><span class='ocrx_word' id='word_1_24' title='bbox 350 873 402 934; x_wconf 84' lang='lat' dir='ltr'>uti.</span> <span class='ocrx_word' id='word_1_25' title='bbox 445 871 512 934; x_wconf 94' lang='lat' dir='ltr'>lmo</span> <span class='ocrx_word' id='word_1_26' title='bbox 533 869 626 934; x_wconf 88' lang='lat' dir='ltr'>laudo</span> <span class='ocrx_word' id='word_1_27' title='bbox 650 891 719 932; x_wconf 88' lang='lat' dir='ltr'>eam</span> <span class='ocrx_word' id='word_1_28' title='bbox 741 871 1011 952; x_wconf 77' lang='lat' dir='ltr'>consuetudinem,</span> <span class='ocrx_word' id='word_1_29' title='bbox 1033 874 1059 934; x_wconf 91' lang='lat' dir='ltr'>si</span> <span class='ocrx_word' id='word_1_30' title='bbox 1081 871 1176 932; x_wconf 89' lang='lat' dir='ltr'>modo</span> <span class='ocrx_word' id='word_1_31' title='bbox 1200 891 1273 934; x_wconf 86' lang='lat' dir='ltr'>con·</span> 
     </span>
    </p>
   </div>
   <div class='ocr_carea' id='block_1_5' title="bbox 349 954 1389 1036">
    <p class='ocr_par' dir='ltr' id='par_1_5' title="bbox 349 954 1389 1036">
     <span class='ocr_line' id='line_1_6' title="bbox 349 954 1389 1036; baseline 0.001 -23"><span class='ocrx_word' id='word_1_32' title='bbox 349 955 480 1014; x_wconf 89' lang='lat' dir='ltr'>scicntia</span> <span class='ocrx_word' id='word_1_33' title='bbox 500 974 564 1017; x_wconf 93' lang='lat' dir='ltr'>non</span> <span class='ocrx_word' id='word_1_34' title='bbox 586 955 627 1014; x_wconf 89' lang='lat' dir='ltr'>sit</span> <span class='ocrx_word' id='word_1_35' title='bbox 647 954 775 1036; x_wconf 79' lang='lat' dir='ltr'>alligata</span> <span class='ocrx_word' id='word_1_36' title='bbox 796 957 942 1036; x_wconf 75' lang='lat' dir='ltr'>tempori,</span> <span class='ocrx_word' id='word_1_37' title='bbox 974 961 1005 1017; x_wconf 89' lang='lat' dir='ltr'>et</span> <span class='ocrx_word' id='word_1_38' title='bbox 1026 974 1162 1036; x_wconf 89' lang='lat' dir='ltr'>qnoque.</span> <span class='ocrx_word' id='word_1_39' title='bbox 1172 957 1198 1016; x_wconf 90' lang='lat' dir='ltr'>si</span> <span class='ocrx_word' id='word_1_40' title='bbox 1221 961 1275 1016; x_wconf 87' lang='lat' dir='ltr'>tua</span> <span class='ocrx_word' id='word_1_41' title='bbox 1388 969 1389 974; x_wconf 73' lang='grc'>’</span> 
     </span>
    </p>
   </div>
   <div class='ocr_carea' id='block_1_6' title="bbox 349 1037 1334 1451">
    <p class='ocr_par' dir='ltr' id='par_1_6' title="bbox 349 1037 1275 1201">
     <span class='ocr_line' id='line_1_7' title="bbox 351 1037 1275 1119; baseline 0 -21"><span class='ocrx_word' id='word_1_42' title='bbox 351 1046 381 1098; x_wconf 91' lang='lat' dir='ltr'>te</span> <span class='ocrx_word' id='word_1_43' title='bbox 411 1044 504 1118; x_wconf 88' lang='lat' dir='ltr'>cogat</span> <span class='ocrx_word' id='word_1_44' title='bbox 526 1038 696 1098; x_wconf 75' lang='lat' dir='ltr'>necessitas</span> <span class='ocrx_word' id='word_1_45' title='bbox 726 1037 766 1098; x_wconf 89' lang='lat' dir='ltr'>ad</span> <span class='ocrx_word' id='word_1_46' title='bbox 799 1038 1012 1119; x_wconf 88' lang='lat' dir='ltr'>accipiendum</span> <span class='ocrx_word' id='word_1_47' title='bbox 1035 1046 1275 1115; x_wconf 82' lang='lat' dir='ltr'>sacramentum,</span> 
     </span>
     <span class='ocr_line' id='line_1_8' title="bbox 349 1120 800 1201; baseline 0.007 -22"><span class='ocrx_word' id='word_1_48' title='bbox 349 1139 411 1180; x_wconf 92' lang='lat' dir='ltr'>non</span> <span class='ocrx_word' id='word_1_49' title='bbox 434 1120 556 1199; x_wconf 89' lang='lat' dir='ltr'>aliquae</span> <span class='ocrx_word' id='word_1_50' title='bbox 578 1120 681 1200; x_wconf 88' lang='lat' dir='ltr'>Papae</span> <span class='ocrx_word' id='word_1_51' title='bbox 702 1120 800 1201; x_wconf 86' lang='lat' dir='ltr'>leges.</span> 
     </span>
    </p>

    <p class='ocr_par' dir='ltr' id='par_1_7' title="bbox 349 1201 1334 1451">
     <span class='ocr_line' id='line_1_9' title="bbox 432 1201 1334 1284; baseline 0.003 -21"><span class='ocrx_word' id='word_1_52' title='bbox 432 1201 494 1264; x_wconf 83' lang='lat' dir='ltr'>Sed</span> <span class='ocrx_word' id='word_1_53' title='bbox 515 1204 692 1283; x_wconf 79' lang='lat' dir='ltr'>priusquam</span> <span class='ocrx_word' id='word_1_54' title='bbox 714 1221 895 1284; x_wconf 85' lang='lat' dir='ltr'>pergamus,</span> <span class='ocrx_word' id='word_1_55' title='bbox 931 1205 969 1264; x_wconf 91' lang='lat' dir='ltr'>de</span> <span class='ocrx_word' id='word_1_56' title='bbox 991 1203 1052 1264; x_wconf 90' lang='lat' dir='ltr'>hoc</span> <span class='ocrx_word' id='word_1_57' title='bbox 1075 1212 1272 1266; x_wconf 88' lang='lat' dir='ltr'>sacramento</span> <span class='ocrx_word' id='word_1_58' title='bbox 1331 1232 1334 1234; x_wconf 90' lang='lat'>·</span> 
     </span>
     <span class='ocr_line' id='line_1_10' title="bbox 350 1285 1272 1368; baseline 0.001 -23"><span class='ocrx_word' id='word_1_59' title='bbox 350 1286 440 1346; x_wconf 89' lang='lat' dir='ltr'>latins</span> <span class='ocrx_word' id='word_1_60' title='bbox 463 1285 629 1368; x_wconf 82' lang='lat' dir='ltr'>disserere,</span> <span class='ocrx_word' id='word_1_61' title='bbox 658 1285 698 1346; x_wconf 91' lang='lat' dir='ltr'>de</span> <span class='ocrx_word' id='word_1_62' title='bbox 719 1285 917 1348; x_wconf 78' lang='lat' dir='ltr'>confessione</span> <span class='ocrx_word' id='word_1_63' title='bbox 942 1304 1080 1366; x_wconf 83' lang='lat' dir='ltr'>quoque,</span> <span class='ocrx_word' id='word_1_64' title='bbox 1118 1287 1272 1366; x_wconf 87' lang='lat' dir='ltr'>adquam</span> 
     </span>
     <span class='ocr_line' id='line_1_11' title="bbox 349 1369 1189 1451; baseline 0 -22"><span class='ocrx_word' id='word_1_65' title='bbox 349 1369 434 1449; x_wconf 88' lang='lat' dir='ltr'>Papa</span> <span class='ocrx_word' id='word_1_66' title='bbox 455 1369 596 1430; x_wconf 88' lang='lat' dir='ltr'>similiter</span> <span class='ocrx_word' id='word_1_67' title='bbox 618 1370 721 1450; x_wconf 78' lang='lat' dir='ltr'><strong>coegit</strong></span> <span class='ocrx_word' id='word_1_68' title='bbox 741 1369 897 1449; x_wconf 83' lang='lat' dir='ltr'>homines,</span> <span class='ocrx_word' id='word_1_69' title='bbox 920 1389 1021 1451; x_wconf 88' lang='lat' dir='ltr'>pauca</span> <span class='ocrx_word' id='word_1_70' title='bbox 1041 1369 1189 1430; x_wconf 88' lang='lat' dir='ltr'>dicemus.</span> 
     </span>
    </p>
   </div>
   <div class='ocr_carea' id='block_1_7' title="bbox 608 1499 1177 1618">
    <p class='ocr_par' dir='ltr' id='par_1_8' title="bbox 608 1499 1177 1618">
     <span class='ocr_line' id='line_1_12' title="bbox 608 1499 1177 1618; baseline 0.004 -22"><span class='ocrx_word' id='word_1_71' title='bbox 608 1499 1018 1618; x_wconf 64' lang='lat' dir='ltr'>&#39;l&#39;riplexconfessio</span> <span class='ocrx_word' id='word_1_72' title='bbox 1117 1507 1177 1604; x_wconf 74' lang='lat' dir='ltr'> </span> 
     </span>
    </p>
   </div>
   <div class='ocr_carea' id='block_1_8' title="bbox 799 1671 822 1733">
    <p class='ocr_par' dir='ltr' id='par_1_9' title="bbox 799 1671 822 1733">
     <span class='ocr_line' id='line_1_13' title="bbox 799 1671 822 1733; baseline 0.087 -2"><span class='ocrx_word' id='word_1_73' title='bbox 799 1671 822 1733; x_wconf 90' lang='lat'>1.</span> 
     </span>
    </p>
   </div>
   <div class='ocr_carea' id='block_1_9' title="bbox 352 1788 1276 2184">
    <p class='ocr_par' dir='ltr' id='par_1_10' title="bbox 352 1788 1276 2184">
     <span class='ocr_line' id='line_1_14' title="bbox 433 1788 1275 1870; baseline 0 -22"><span class='ocrx_word' id='word_1_74' title='bbox 433 1789 546 1865; x_wconf 89' lang='lat' dir='ltr'>Primo,</span> <span class='ocrx_word' id='word_1_75' title='bbox 569 1791 629 1850; x_wconf 89' lang='lat' dir='ltr'>tria</span> <span class='ocrx_word' id='word_1_76' title='bbox 650 1795 721 1849; x_wconf 88' lang='lat' dir='ltr'>sunt</span> <span class='ocrx_word' id='word_1_77' title='bbox 742 1788 947 1869; x_wconf 86' lang='lat' dir='ltr'>confessionis</span> <span class='ocrx_word' id='word_1_78' title='bbox 970 1807 1094 1870; x_wconf 88' lang='lat' dir='ltr'>genera.</span> <span class='ocrx_word' id='word_1_79' title='bbox 1138 1788 1275 1850; x_wconf 89' lang='lat' dir='ltr'>Primum</span> 
     </span>
     <span class='ocr_line' id='line_1_15' title="bbox 352 1871 1276 1954; baseline -0.003 -21"><span class='ocrx_word' id='word_1_80' title='bbox 352 1873 556 1933; x_wconf 86' lang='lat' dir='ltr'>confessionis</span> <span class='ocrx_word' id='word_1_81' title='bbox 578 1891 676 1954; x_wconf 87' lang='lat' dir='ltr'>genus</span> <span class='ocrx_word' id='word_1_82' title='bbox 698 1879 822 1948; x_wconf 80' lang='lat' dir='ltr'>estes,</span> <span class='ocrx_word' id='word_1_83' title='bbox 854 1889 945 1950; x_wconf 88' lang='lat' dir='ltr'>quam</span> <span class='ocrx_word' id='word_1_84' title='bbox 976 1889 1080 1933; x_wconf 89' lang='lat' dir='ltr'>coram</span> <span class='ocrx_word' id='word_1_85' title='bbox 1103 1871 1173 1934; x_wconf 90' lang='lat' dir='ltr'>Deo</span> <span class='ocrx_word' id='word_1_86' title='bbox 1202 1871 1276 1932; x_wconf 85' lang='lat' dir='ltr'>saci-</span> 
     </span>
     <span class='ocr_line' id='line_1_16' title="bbox 353 1952 1275 2035; baseline -0.002 -19"><span class='ocrx_word' id='word_1_87' title='bbox 353 1975 435 2035; x_wconf 84' lang='lat' dir='ltr'>mns,</span> <span class='ocrx_word' id='word_1_88' title='bbox 469 1955 508 2016; x_wconf 91' lang='lat' dir='ltr'>de</span> <span class='ocrx_word' id='word_1_89' title='bbox 538 1975 598 2034; x_wconf 88' lang='lat' dir='ltr'>qua</span> <span class='ocrx_word' id='word_1_90' title='bbox 629 1955 702 2015; x_wconf 80' lang='lat' dir='ltr'>dicit</span> <span class='ocrx_word' id='word_1_91' title='bbox 727 1954 882 2035; x_wconf 74' lang='lat' dir='ltr'><strong>Propheta</strong></span> <span class='ocrx_word' id='word_1_92' title='bbox 909 1952 989 2015; x_wconf 88' lang='lat' dir='ltr'>Psal.</span> <span class='ocrx_word' id='word_1_93' title='bbox 1014 1957 1068 2018; x_wconf 77' lang='lat'>32:</span> <span class='ocrx_word' id='word_1_94' title='bbox 1109 1954 1275 2016; x_wconf 91' lang='lat' dir='ltr'>Peccatum</span> 
     </span>
     <span class='ocr_line' id='line_1_17' title="bbox 352 2037 1275 2116; baseline -0.001 -18"><span class='ocrx_word' id='word_1_95' title='bbox 352 2059 453 2099; x_wconf 91' lang='lat' dir='ltr'>meum</span> <span class='ocrx_word' id='word_1_96' title='bbox 487 2046 594 2101; x_wconf 91' lang='lat' dir='ltr'>notum</span> <span class='ocrx_word' id='word_1_97' title='bbox 624 2038 678 2109; x_wconf 89' lang='lat' dir='ltr'>tibi</span> <span class='ocrx_word' id='word_1_98' title='bbox 707 2037 783 2116; x_wconf 85' lang='lat' dir='ltr'>ieci,</span> <span class='ocrx_word' id='word_1_99' title='bbox 818 2046 850 2100; x_wconf 88' lang='lat' dir='ltr'>et</span> <span class='ocrx_word' id='word_1_100' title='bbox 870 2037 1049 2098; x_wconf 83' lang='lat' dir='ltr'>iniustitiam</span> <span class='ocrx_word' id='word_1_101' title='bbox 1082 2056 1182 2102; x_wconf 87' lang='lat' dir='ltr'>meam</span> <span class='ocrx_word' id='word_1_102' title='bbox 1211 2056 1275 2097; x_wconf 93' lang='lat' dir='ltr'>non</span> 
     </span>
     <span class='ocr_line' id='line_1_18' title="bbox 352 2120 1275 2184; baseline -0.002 -2"><span class='ocrx_word' id='word_1_103' title='bbox 352 2121 509 2182; x_wconf 78' lang='lat' dir='ltr'>abscondi.</span> <span class='ocrx_word' id='word_1_104' title='bbox 545 2121 631 2182; x_wconf 84' lang='lat' dir='ltr'>Dixi:</span> <span class='ocrx_word' id='word_1_105' title='bbox 655 2120 835 2184; x_wconf 83' lang='lat' dir='ltr'>Confitebor</span> <span class='ocrx_word' id='word_1_106' title='bbox 856 2120 1002 2180; x_wconf 85' lang='lat' dir='ltr'>adversus</span> <span class='ocrx_word' id='word_1_107' title='bbox 1025 2140 1074 2181; x_wconf 92' lang='lat' dir='ltr'>me</span> <span class='ocrx_word' id='word_1_108' title='bbox 1095 2121 1275 2182; x_wconf 88' lang='lat' dir='ltr'>iniustitiam</span> 
     </span>
    </p>
   </div>
   <div class='ocr_carea' id='block_1_10' title="bbox 278 2203 1275 2285">
    <p class='ocr_par' dir='ltr' id='par_1_11' title="bbox 278 2203 1275 2285">
     <span class='ocr_line' id='line_1_19' title="bbox 278 2203 1275 2285; baseline 0.002 -23"><span class='ocrx_word' id='word_1_109' title='bbox 278 2231 282 2250; x_wconf 83' lang='lat'><strong>·</strong></span> <span class='ocrx_word' id='word_1_110' title='bbox 353 2224 453 2264; x_wconf 87' lang='lat' dir='ltr'>meam</span> <span class='ocrx_word' id='word_1_111' title='bbox 475 2203 624 2280; x_wconf 79' lang='lat' dir='ltr'>Domino,</span> <span class='ocrx_word' id='word_1_112' title='bbox 658 2213 689 2266; x_wconf 87' lang='lat' dir='ltr'>ct</span> <span class='ocrx_word' id='word_1_113' title='bbox 716 2212 747 2265; x_wconf 90' lang='lat' dir='ltr'>tu</span> <span class='ocrx_word' id='word_1_114' title='bbox 775 2204 918 2266; x_wconf 83' lang='lat' dir='ltr'>remisisti</span> <span class='ocrx_word' id='word_1_115' title='bbox 940 2205 1130 2285; x_wconf 75' lang='lat' dir='ltr'>impietatem</span> <span class='ocrx_word' id='word_1_116' title='bbox 1153 2206 1275 2284; x_wconf 89' lang='lat' dir='ltr'>peccati</span> 
     </span>
    </p>
   </div>
   <div class='ocr_carea' id='block_1_11' title="bbox 352 2285 1278 2784">
    <p class='ocr_par' dir='ltr' id='par_1_12' title="bbox 352 2285 1276 2517">
     <span class='ocr_line' id='line_1_20' title="bbox 354 2285 1275 2364; baseline 0 -16"><span class='ocrx_word' id='word_1_117' title='bbox 354 2288 420 2348; x_wconf 85' lang='lat' dir='ltr'>mei.</span> <span class='ocrx_word' id='word_1_118' title='bbox 466 2286 506 2346; x_wconf 86' lang='lat' dir='ltr'>Et</span> <span class='ocrx_word' id='word_1_119' title='bbox 535 2288 566 2354; x_wconf 87' lang='lat' dir='ltr'>in</span> <span class='ocrx_word' id='word_1_120' title='bbox 597 2288 709 2348; x_wconf 90' lang='lat' dir='ltr'>eodem</span> <span class='ocrx_word' id='word_1_121' title='bbox 736 2287 876 2348; x_wconf 78' lang='lat' dir='ltr'>Psalmo:</span> <span class='ocrx_word' id='word_1_122' title='bbox 913 2285 1065 2361; x_wconf 77' lang='lat' dir='ltr'>Quoniam</span> <span class='ocrx_word' id='word_1_123' title='bbox 1096 2288 1197 2364; x_wconf 82' lang='lat' dir='ltr'>tacui,</span> <span class='ocrx_word' id='word_1_124' title='bbox 1230 2289 1275 2348; x_wconf 91' lang='lat' dir='ltr'>in-</span> 
     </span>
     <span class='ocr_line' id='line_1_21' title="bbox 355 2371 1276 2450; baseline 0.003 -22"><span class='ocrx_word' id='word_1_125' title='bbox 355 2378 569 2431; x_wconf 88' lang='lat' dir='ltr'>veteraverunt</span> <span class='ocrx_word' id='word_1_126' title='bbox 591 2390 663 2433; x_wconf 88' lang='lat' dir='ltr'>ossa</span> <span class='ocrx_word' id='word_1_127' title='bbox 685 2392 765 2450; x_wconf 82' lang='lat' dir='ltr'>mea,</span> <span class='ocrx_word' id='word_1_128' title='bbox 784 2372 960 2433; x_wconf 86' lang='lat' dir='ltr'>immutatus</span> <span class='ocrx_word' id='word_1_129' title='bbox 984 2378 1032 2431; x_wconf 91' lang='lat' dir='ltr'>est</span> <span class='ocrx_word' id='word_1_130' title='bbox 1053 2371 1163 2433; x_wconf 86' lang='lat' dir='ltr'>humor</span> <span class='ocrx_word' id='word_1_131' title='bbox 1178 2390 1276 2448; x_wconf 84' lang='lat' dir='ltr'>meus,</span> 
     </span>
     <span class='ocr_line' id='line_1_22' title="bbox 352 2454 719 2517; baseline 0.008 -4"><span class='ocrx_word' id='word_1_132' title='bbox 352 2455 383 2513; x_wconf 92' lang='lat' dir='ltr'>in</span> <span class='ocrx_word' id='word_1_133' title='bbox 405 2454 559 2514; x_wconf 85' lang='lat' dir='ltr'>siccitates</span> <span class='ocrx_word' id='word_1_134' title='bbox 580 2457 719 2517; x_wconf 85' lang='lat' dir='ltr'>aestatis.</span> 
     </span>
    </p>

    <p class='ocr_par' dir='ltr' id='par_1_13' title="bbox 353 2536 1278 2784">
     <span class='ocr_line' id='line_1_23' title="bbox 434 2536 1278 2615; baseline 0.001 -19"><span class='ocrx_word' id='word_1_135' title='bbox 434 2536 505 2608; x_wconf 81' lang='lat' dir='ltr'>Hoc</span> <span class='ocrx_word' id='word_1_136' title='bbox 526 2544 583 2612; x_wconf 80' lang='lat' dir='ltr'>est,</span> <span class='ocrx_word' id='word_1_137' title='bbox 605 2556 709 2600; x_wconf 89' lang='lat' dir='ltr'>coram</span> <span class='ocrx_word' id='word_1_138' title='bbox 731 2538 799 2599; x_wconf 89' lang='lat' dir='ltr'>Deo</span> <span class='ocrx_word' id='word_1_139' title='bbox 822 2556 914 2598; x_wconf 88' lang='lat' dir='ltr'>nemo</span> <span class='ocrx_word' id='word_1_140' title='bbox 937 2537 1092 2615; x_wconf 86' lang='lat' dir='ltr'>subsistet,</span> <span class='ocrx_word' id='word_1_141' title='bbox 1115 2538 1173 2598; x_wconf 90' lang='lat' dir='ltr'>nisi</span> <span class='ocrx_word' id='word_1_142' title='bbox 1196 2536 1278 2600; x_wconf 86' lang='lat' dir='ltr'>banc</span> 
     </span>
     <span class='ocr_line' id='line_1_24' title="bbox 353 2619 1274 2699; baseline -0.001 -18"><span class='ocrx_word' id='word_1_143' title='bbox 353 2619 581 2681; x_wconf 80' lang='lat' dir='ltr'>contessionem</span> <span class='ocrx_word' id='word_1_144' title='bbox 610 2638 715 2685; x_wconf 87' lang='lat' dir='ltr'>secum</span> <span class='ocrx_word' id='word_1_145' title='bbox 743 2620 877 2683; x_wconf 70' lang='lat' dir='ltr'>afferat:</span> <span class='ocrx_word' id='word_1_146' title='bbox 915 2619 966 2680; x_wconf 81' lang='lat' dir='ltr'>Sic</span> <span class='ocrx_word' id='word_1_147' title='bbox 994 2620 1074 2681; x_wconf 89' lang='lat' dir='ltr'>Psal.</span> <span class='ocrx_word' id='word_1_148' title='bbox 1099 2623 1158 2685; x_wconf 81' lang='lat'>130</span> <span class='ocrx_word' id='word_1_149' title='bbox 1186 2639 1274 2699; x_wconf 89' lang='lat' dir='ltr'>prue-</span> 
     </span>
     <span class='ocr_line' id='line_1_25' title="bbox 353 2702 1277 2784; baseline 0 -21"><span class='ocrx_word' id='word_1_150' title='bbox 353 2702 448 2766; x_wconf 89' lang='lat' dir='ltr'>dicat:</span> <span class='ocrx_word' id='word_1_151' title='bbox 482 2704 573 2783; x_wconf 82' lang='lat' dir='ltr'>Apud</span> <span class='ocrx_word' id='word_1_152' title='bbox 600 2712 629 2766; x_wconf 90' lang='lat' dir='ltr'>te</span> <span class='ocrx_word' id='word_1_153' title='bbox 659 2704 837 2784; x_wconf 79' lang='lat' dir='ltr'>propitiatio</span> <span class='ocrx_word' id='word_1_154' title='bbox 870 2710 933 2781; x_wconf 85' lang='lat' dir='ltr'>est,</span> <span class='ocrx_word' id='word_1_155' title='bbox 966 2710 999 2763; x_wconf 91' lang='lat' dir='ltr'>ut</span> <span class='ocrx_word' id='word_1_156' title='bbox 1020 2704 1165 2767; x_wconf 86' lang='lat' dir='ltr'>timearis.</span> <span class='ocrx_word' id='word_1_157' title='bbox 1207 2702 1277 2773; x_wconf 89' lang='lat' dir='ltr'>Hoc</span> 
     </span>
    </p>
   </div>
   <div class='ocr_carea' id='block_1_12' title="bbox 308 2785 1389 2951">
    <p class='ocr_par' dir='ltr' id='par_1_14' title="bbox 308 2785 1389 2951">
     <span class='ocr_line' id='line_1_26' title="bbox 353 2785 1389 2867; baseline 0.002 -21"><span class='ocrx_word' id='word_1_158' title='bbox 353 2794 415 2864; x_wconf 81' lang='lat' dir='ltr'>est,</span> <span class='ocrx_word' id='word_1_159' title='bbox 437 2787 489 2865; x_wconf 90' lang='lat' dir='ltr'>qui</span> <span class='ocrx_word' id='word_1_160' title='bbox 511 2805 579 2846; x_wconf 87' lang='lat' dir='ltr'>cnm</span> <span class='ocrx_word' id='word_1_161' title='bbox 603 2786 670 2848; x_wconf 88' lang='lat' dir='ltr'>Deo</span> <span class='ocrx_word' id='word_1_162' title='bbox 694 2806 787 2867; x_wconf 88' lang='lat' dir='ltr'>agere</span> <span class='ocrx_word' id='word_1_163' title='bbox 809 2786 908 2864; x_wconf 84' lang='lat' dir='ltr'>volet,</span> <span class='ocrx_word' id='word_1_164' title='bbox 929 2785 1048 2846; x_wconf 82' lang='lat' dir='ltr'>ille-sic</span> <span class='ocrx_word' id='word_1_165' title='bbox 1069 2794 1158 2867; x_wconf 82' lang='lat' dir='ltr'>eget,</span> <span class='ocrx_word' id='word_1_166' title='bbox 1181 2793 1218 2846; x_wconf 94' lang='lat' dir='ltr'>nt</span> <span class='ocrx_word' id='word_1_167' title='bbox 1236 2806 1277 2849; x_wconf 75' lang='lat' dir='ltr'>ex</span> <span class='ocrx_word' id='word_1_168' title='bbox 1388 2832 1389 2839; x_wconf 18' lang='grc' dir='ltr'><strong>κ</strong></span> 
     </span>
     <span class='ocr_line' id='line_1_27' title="bbox 308 2868 1276 2951; baseline 0 -22"><span class='ocrx_word' id='word_1_169' title='bbox 308 2887 310 2890; x_wconf 92' lang='grc'><strong><em>·</em></strong></span> <span class='ocrx_word' id='word_1_170' title='bbox 353 2869 447 2930; x_wconf 87' lang='lat' dir='ltr'>corde</span> <span class='ocrx_word' id='word_1_171' title='bbox 469 2869 651 2931; x_wconf 82' lang='lat' dir='ltr'>confiteatur</span> <span class='ocrx_word' id='word_1_172' title='bbox 673 2889 729 2931; x_wconf 89' lang='lat' dir='ltr'>sua</span> <span class='ocrx_word' id='word_1_173' title='bbox 750 2876 888 2951; x_wconf 83' lang='lat' dir='ltr'>peccatu,</span> <span class='ocrx_word' id='word_1_174' title='bbox 912 2875 943 2929; x_wconf 88' lang='lat' dir='ltr'>et</span> <span class='ocrx_word' id='word_1_175' title='bbox 963 2868 1060 2931; x_wconf 85' lang='lat' dir='ltr'>dicat:</span> <span class='ocrx_word' id='word_1_176' title='bbox 1084 2870 1227 2948; x_wconf 80' lang='lat' dir='ltr'>Domine,</span> <span class='ocrx_word' id='word_1_177' title='bbox 1251 2871 1276 2929; x_wconf 92' lang='lat' dir='ltr'>si</span> 
     </span>
    </p>
   </div>
   <div class='ocr_carea' id='block_1_13' title="bbox 353 2951 1278 3181">
    <p class='ocr_par' dir='ltr' id='par_1_15' title="bbox 353 2951 1278 3181">
     <span class='ocr_line' id='line_1_28' title="bbox 353 2951 1278 3034; baseline 0 -21"><span class='ocrx_word' id='word_1_178' title='bbox 353 2957 489 3023; x_wconf 81' lang='lat' dir='ltr'>tutnam</span> <span class='ocrx_word' id='word_1_179' title='bbox 512 2953 585 3013; x_wconf 81' lang='lat' dir='ltr'>inibi</span> <span class='ocrx_word' id='word_1_180' title='bbox 613 2954 774 3034; x_wconf 86' lang='lat' dir='ltr'>negaveris</span> <span class='ocrx_word' id='word_1_181' title='bbox 810 2951 1065 3031; x_wconf 80' lang='lat' dir='ltr'>misericordiam,</span> <span class='ocrx_word' id='word_1_182' title='bbox 1104 2961 1206 3014; x_wconf 87' lang='lat' dir='ltr'>actum</span> <span class='ocrx_word' id='word_1_183' title='bbox 1236 2951 1278 3013; x_wconf 87' lang='lat' dir='ltr'>de</span> 
     </span>
     <span class='ocr_line' id='line_1_29' title="bbox 355 3034 1000 3116; baseline 0 -21"><span class='ocrx_word' id='word_1_184' title='bbox 355 3056 405 3097; x_wconf 90' lang='lat' dir='ltr'>me</span> <span class='ocrx_word' id='word_1_185' title='bbox 427 3042 484 3114; x_wconf 79' lang='lat' dir='ltr'>est,</span> <span class='ocrx_word' id='word_1_186' title='bbox 506 3042 776 3116; x_wconf 88' lang='lat' dir='ltr'>quantumcunque</span> <span class='ocrx_word' id='word_1_187' title='bbox 798 3037 856 3096; x_wconf 92' lang='lat' dir='ltr'>sim</span> <span class='ocrx_word' id='word_1_188' title='bbox 877 3034 1000 3115; x_wconf 82' lang='lat' dir='ltr'>probus.</span> 
     </span>
     <span class='ocr_line' id='line_1_30' title="bbox 435 3118 1276 3181; baseline 0.001 -3"><span class='ocrx_word' id='word_1_189' title='bbox 435 3118 492 3178; x_wconf 79' lang='lat' dir='ltr'>Est</span> <span class='ocrx_word' id='word_1_190' title='bbox 517 3127 619 3181; x_wconf 85' lang='lat' dir='ltr'>autern</span> <span class='ocrx_word' id='word_1_191' title='bbox 647 3118 726 3181; x_wconf 90' lang='lat' dir='ltr'>baec</span> <span class='ocrx_word' id='word_1_192' title='bbox 758 3119 913 3181; x_wconf 86' lang='lat' dir='ltr'>confessio</span> <span class='ocrx_word' id='word_1_193' title='bbox 938 3120 1108 3181; x_wconf 90' lang='lat' dir='ltr'>communis</span> <span class='ocrx_word' id='word_1_194' title='bbox 1131 3118 1276 3181; x_wconf 91' lang='lat' dir='ltr'>omnibus</span> 
     </span>
    </p>
   </div>
   <div class='ocr_carea' id='block_1_14' title="bbox 353 3201 1389 3280">
    <p class='ocr_par' dir='ltr' id='par_1_16' title="bbox 353 3201 1389 3280">
     <span class='ocr_line' id='line_1_31' title="bbox 353 3201 1389 3280; baseline 0 -17"><span class='ocrx_word' id='word_1_195' title='bbox 353 3201 491 3280; x_wconf 80' lang='lat' dir='ltr'>Sanctis,</span> <span class='ocrx_word' id='word_1_196' title='bbox 519 3204 598 3263; x_wconf 91' lang='lat' dir='ltr'>sicut</span> <span class='ocrx_word' id='word_1_197' title='bbox 617 3222 735 3263; x_wconf 89' lang='lat' dir='ltr'>rursum</span> <span class='ocrx_word' id='word_1_198' title='bbox 758 3204 790 3263; x_wconf 91' lang='lat' dir='ltr'>in</span> <span class='ocrx_word' id='word_1_199' title='bbox 813 3202 893 3263; x_wconf 89' lang='lat' dir='ltr'>Psal.</span> <span class='ocrx_word' id='word_1_200' title='bbox 915 3204 955 3267; x_wconf 88' lang='grc'>32</span> <span class='ocrx_word' id='word_1_201' title='bbox 979 3201 1102 3263; x_wconf 88' lang='lat' dir='ltr'>dicitur:</span> <span class='ocrx_word' id='word_1_202' title='bbox 1134 3202 1194 3263; x_wconf 92' lang='lat' dir='ltr'>Pro</span> <span class='ocrx_word' id='word_1_203' title='bbox 1216 3202 1279 3263; x_wconf 91' lang='lat' dir='ltr'>hac</span> <span class='ocrx_word' id='word_1_204' title='bbox 1388 3210 1389 3245; x_wconf 77' lang='lat'>³</span> 
     </span>
    </p>
   </div>
   <div class='ocr_carea' id='block_1_15' title="bbox 353 3284 1279 4096">
    <p class='ocr_par' dir='ltr' id='par_1_17' title="bbox 353 3284 1279 4096">
     <span class='ocr_line' id='line_1_32' title="bbox 354 3284 1277 3348; baseline -0.003 0"><span class='ocrx_word' id='word_1_205' title='bbox 354 3284 454 3348; x_wconf 89' lang='lat' dir='ltr'>orabit</span> <span class='ocrx_word' id='word_1_206' title='bbox 487 3286 526 3346; x_wconf 84' lang='lat' dir='ltr'>ad</span> <span class='ocrx_word' id='word_1_207' title='bbox 561 3293 591 3347; x_wconf 92' lang='lat' dir='ltr'>te</span> <span class='ocrx_word' id='word_1_208' title='bbox 624 3288 723 3347; x_wconf 91' lang='lat' dir='ltr'>omnis</span> <span class='ocrx_word' id='word_1_209' title='bbox 751 3285 883 3347; x_wconf 83' lang='lat' dir='ltr'>Sanctus</span> <span class='ocrx_word' id='word_1_210' title='bbox 911 3292 969 3347; x_wconf 88' lang='lat' dir='ltr'>etc.</span> <span class='ocrx_word' id='word_1_211' title='bbox 1014 3284 1065 3347; x_wconf 77' lang='lat' dir='ltr'>Sic</span> <span class='ocrx_word' id='word_1_212' title='bbox 1097 3285 1190 3347; x_wconf 91' lang='lat' dir='ltr'>docet</span> <span class='ocrx_word' id='word_1_213' title='bbox 1217 3304 1277 3347; x_wconf 91' lang='lat' dir='ltr'>nos</span> 
     </span>
     <span class='ocr_line' id='line_1_33' title="bbox 353 3368 1277 3449; baseline 0.002 -22"><span class='ocrx_word' id='word_1_214' title='bbox 353 3368 431 3429; x_wconf 90' lang='lat' dir='ltr'>baec</span> <span class='ocrx_word' id='word_1_215' title='bbox 453 3370 624 3447; x_wconf 85' lang='lat' dir='ltr'>confessio,</span> <span class='ocrx_word' id='word_1_216' title='bbox 657 3368 740 3449; x_wconf 90' lang='lat' dir='ltr'>qnod</span> <span class='ocrx_word' id='word_1_217' title='bbox 763 3388 872 3430; x_wconf 86' lang='lat' dir='ltr'>omnes</span> <span class='ocrx_word' id='word_1_218' title='bbox 901 3370 1006 3431; x_wconf 89' lang='lat' dir='ltr'>iniusti</span> <span class='ocrx_word' id='word_1_219' title='bbox 1028 3368 1212 3449; x_wconf 88' lang='lat' dir='ltr'>et-improbi</span> <span class='ocrx_word' id='word_1_220' title='bbox 1234 3369 1277 3429; x_wconf 87' lang='lat' dir='ltr'>si-</span> 
     </span>
     <span class='ocr_line' id='line_1_34' title="bbox 355 3451 1276 3533; baseline 0.004 -24"><span class='ocrx_word' id='word_1_221' title='bbox 355 3470 430 3512; x_wconf 90' lang='lat' dir='ltr'>mus.</span> <span class='ocrx_word' id='word_1_222' title='bbox 474 3452 506 3513; x_wconf 79' lang='lat' dir='ltr'>si</span> <span class='ocrx_word' id='word_1_223' title='bbox 526 3454 577 3533; x_wconf 91' lang='lat' dir='ltr'>qui</span> <span class='ocrx_word' id='word_1_224' title='bbox 602 3472 674 3513; x_wconf 88' lang='lat' dir='ltr'>vero</span> <span class='ocrx_word' id='word_1_225' title='bbox 699 3452 866 3533; x_wconf 84' lang='lat' dir='ltr'>singularia</span> <span class='ocrx_word' id='word_1_226' title='bbox 886 3451 1002 3514; x_wconf 84' lang='lat' dir='ltr'>babent</span> <span class='ocrx_word' id='word_1_227' title='bbox 1022 3451 1122 3529; x_wconf 87' lang='lat' dir='ltr'>dona,</span> <span class='ocrx_word' id='word_1_228' title='bbox 1150 3452 1195 3511; x_wconf 93' lang='lat' dir='ltr'>illi</span> <span class='ocrx_word' id='word_1_229' title='bbox 1218 3470 1276 3531; x_wconf 88' lang='lat' dir='ltr'>pro</span> 
     </span>
     <span class='ocr_line' id='line_1_35' title="bbox 354 3534 1278 3616; baseline 0.009 -23"><span class='ocrx_word' id='word_1_230' title='bbox 354 3553 392 3593; x_wconf 90' lang='lat' dir='ltr'>eo</span> <span class='ocrx_word' id='word_1_231' title='bbox 415 3534 566 3599; x_wconf 86' lang='lat' dir='ltr'>beneficio</span> <span class='ocrx_word' id='word_1_232' title='bbox 590 3543 683 3616; x_wconf 88' lang='lat' dir='ltr'>agant</span> <span class='ocrx_word' id='word_1_233' title='bbox 703 3536 772 3596; x_wconf 90' lang='lat' dir='ltr'>Deo</span> <span class='ocrx_word' id='word_1_234' title='bbox 795 3536 925 3615; x_wconf 80' lang='lat' dir='ltr'>gratias,</span> <span class='ocrx_word' id='word_1_235' title='bbox 960 3553 1116 3614; x_wconf 81' lang='lat' dir='ltr'>nequeas</span> <span class='ocrx_word' id='word_1_236' title='bbox 1138 3534 1278 3601; x_wconf 74' lang='lat' dir='ltr'>efferant</span> 
     </span>
     <span class='ocr_line' id='line_1_36' title="bbox 354 3615 1279 3699; baseline 0.001 -22"><span class='ocrx_word' id='word_1_237' title='bbox 354 3615 411 3677; x_wconf 85' lang='lat' dir='ltr'>Sin</span> <span class='ocrx_word' id='word_1_238' title='bbox 428 3619 461 3677; x_wconf 94' lang='lat' dir='ltr'>in</span> <span class='ocrx_word' id='word_1_239' title='bbox 482 3626 610 3699; x_wconf 88' lang='lat' dir='ltr'>peccata</span> <span class='ocrx_word' id='word_1_240' title='bbox 631 3619 796 3699; x_wconf 87' lang='lat' dir='ltr'>prolapsus</span> <span class='ocrx_word' id='word_1_241' title='bbox 818 3619 927 3694; x_wconf 81' lang='lat' dir='ltr'>fueris,</span> <span class='ocrx_word' id='word_1_242' title='bbox 958 3622 1076 3698; x_wconf 77' lang='lat' dir='ltr'>cogites</span> <span class='ocrx_word' id='word_1_243' title='bbox 1107 3638 1176 3679; x_wconf 88' lang='lat' dir='ltr'>cam</span> <span class='ocrx_word' id='word_1_244' title='bbox 1208 3637 1279 3679; x_wconf 86' lang='lat' dir='ltr'>esse</span> 
     </span>
     <span class='ocr_line' id='line_1_37' title="bbox 354 3701 1279 3781; baseline 0.002 -22"><span class='ocrx_word' id='word_1_245' title='bbox 354 3702 454 3761; x_wconf 86' lang='lat' dir='ltr'>cornis</span> <span class='ocrx_word' id='word_1_246' title='bbox 484 3710 515 3761; x_wconf 92' lang='lat' dir='ltr'>et</span> <span class='ocrx_word' id='word_1_247' title='bbox 542 3701 701 3781; x_wconf 89' lang='lat' dir='ltr'>sanguinis</span> <span class='ocrx_word' id='word_1_248' title='bbox 723 3709 878 3777; x_wconf 78' lang='lat' dir='ltr'>naturam,</span> <span class='ocrx_word' id='word_1_249' title='bbox 911 3720 1012 3780; x_wconf 88' lang='lat' dir='ltr'>neque</span> <span class='ocrx_word' id='word_1_250' title='bbox 1039 3709 1099 3763; x_wconf 86' lang='lat' dir='ltr'>tarn</span> <span class='ocrx_word' id='word_1_251' title='bbox 1130 3720 1279 3781; x_wconf 86' lang='lat' dir='ltr'>magnum</span> 
     </span>
     <span class='ocr_line' id='line_1_38' title="bbox 354 3785 1279 3864; baseline 0.006 -23"><span class='ocrx_word' id='word_1_252' title='bbox 354 3791 438 3844; x_wconf 87' lang='lat' dir='ltr'>tuum</span> <span class='ocrx_word' id='word_1_253' title='bbox 468 3804 537 3843; x_wconf 88' lang='lat' dir='ltr'>esse</span> <span class='ocrx_word' id='word_1_254' title='bbox 558 3794 733 3864; x_wconf 83' lang='lat' dir='ltr'>peccatum,</span> <span class='ocrx_word' id='word_1_255' title='bbox 766 3786 838 3864; x_wconf 88' lang='lat' dir='ltr'>quin</span> <span class='ocrx_word' id='word_1_256' title='bbox 870 3786 901 3844; x_wconf 94' lang='lat' dir='ltr'>in</span> <span class='ocrx_word' id='word_1_257' title='bbox 937 3785 1017 3848; x_wconf 84' lang='lat' dir='ltr'>idem</span> <span class='ocrx_word' id='word_1_258' title='bbox 1048 3790 1101 3845; x_wconf 89' lang='lat' dir='ltr'>ant</span> <span class='ocrx_word' id='word_1_259' title='bbox 1129 3786 1223 3848; x_wconf 84' lang='lat' dir='ltr'>etiam</span> <span class='ocrx_word' id='word_1_260' title='bbox 1245 3786 1279 3847; x_wconf 84' lang='lat' dir='ltr'>in</span> 
     </span>
     <span class='ocr_line' id='line_1_39' title="bbox 354 3866 1278 3949; baseline 0.002 -24"><span class='ocrx_word' id='word_1_261' title='bbox 354 3869 451 3927; x_wconf 84' lang='lat' dir='ltr'>mains</span> <span class='ocrx_word' id='word_1_262' title='bbox 474 3866 556 3927; x_wconf 90' lang='lat' dir='ltr'>aliud</span> <span class='ocrx_word' id='word_1_263' title='bbox 579 3868 677 3945; x_wconf 83' lang='lat' dir='ltr'>quivis</span> <span class='ocrx_word' id='word_1_264' title='bbox 707 3867 785 3929; x_wconf 88' lang='lat' dir='ltr'>alius</span> <span class='ocrx_word' id='word_1_265' title='bbox 820 3867 940 3949; x_wconf 88' lang='lat' dir='ltr'>prolabi</span> <span class='ocrx_word' id='word_1_266' title='bbox 969 3870 1078 3949; x_wconf 87' lang='lat' dir='ltr'>possit.</span> <span class='ocrx_word' id='word_1_267' title='bbox 1120 3866 1193 3931; x_wconf 85' lang='lat' dir='ltr'>Non</span> <span class='ocrx_word' id='word_1_268' title='bbox 1222 3868 1278 3949; x_wconf 84' lang='lat' dir='ltr'>igi-</span> 
     </span>
     <span class='ocr_line' id='line_1_40' title="bbox 355 3949 1278 4093; baseline 0.004 -86"><span class='ocrx_word' id='word_1_269' title='bbox 355 3959 401 4007; x_wconf 84' lang='lat' dir='ltr'>tur</span> <span class='ocrx_word' id='word_1_270' title='bbox 415 3957 476 4093; x_wconf 70' lang='lat' dir='ltr'>1pst</span> <span class='ocrx_word' id='word_1_271' title='bbox 508 3949 569 4009; x_wconf 87' lang='lat' dir='ltr'>alia</span> <span class='ocrx_word' id='word_1_272' title='bbox 597 3969 661 4026; x_wconf 84' lang='lat' dir='ltr'>res,</span> <span class='ocrx_word' id='word_1_273' title='bbox 694 3970 774 4029; x_wconf 89' lang='lat' dir='ltr'>qnae</span> <span class='ocrx_word' id='word_1_274' title='bbox 797 3970 854 4012; x_wconf 91' lang='lat' dir='ltr'>nos</span> <span class='ocrx_word' id='word_1_275' title='bbox 877 3951 1051 4035; x_wconf 81' lang='lat' dir='ltr'>discernat,</span> <span class='ocrx_word' id='word_1_276' title='bbox 1088 3970 1178 4035; x_wconf 87' lang='lat' dir='ltr'>qnam</span> <span class='ocrx_word' id='word_1_277' title='bbox 1210 3970 1278 4031; x_wconf 89' lang='lat' dir='ltr'>gra·</span> 
     </span>
     <span class='ocr_line' id='line_1_41' title="bbox 353 4032 482 4096; baseline 0.047 -6"><span class='ocrx_word' id='word_1_278' title='bbox 353 4032 395 4094; x_wconf 86' lang='lat' dir='ltr'>tia</span> <span class='ocrx_word' id='word_1_279' title='bbox 444 4034 482 4096; x_wconf 88' lang='lat' dir='ltr'>ei.</span> 
     </span>
    </p>
   </div>
   <div class='ocr_carea' id='block_1_16' title="bbox 0 0 1555 4775">
    <p class='ocr_par' dir='ltr' id='par_1_18' title="bbox 0 0 1555 4775">
     <span class='ocr_line' id='line_1_42' title="bbox 0 0 1555 4775; baseline 0 0"><span class='ocrx_word' id='word_1_280' title='bbox 0 0 1555 4775; x_wconf 95' lang='lat' dir='ltr'> </span> 
     </span>
    </p>
   </div>
  </div>
 </body>
</html>
