3075 4775
314 518 335 584 6
559 522 713 592 Disputatio
732 525 761 574 at
780 520 932 575 &curatio
951 518 1025 581 Eucti

232 766 235 775 ,
316 707 576 793 Indulgentiarum
598 707 685 788 attigi
698 707 956 785 conclusionibus,
980 706 1064 788 quod
1078 707 1236 788 negotium

317 784 355 864 ac,
378 791 609 871 contemptibile
630 792 736 852 Lutter
765 810 864 872 nugas
898 810 969 853 suas
1002 791 1089 869 dicit,
1113 791 1152 860 ‚iu
1175 809 1236 869 quo
1295 786 1303 804 ⁶

318 880 364 934 tot
384 873 495 934 heroes
519 874 715 940 desudarunt.
758 875 829 937 Scio
853 875 936 953 quod
958 873 1163 954 Hieronymus
1184 871 1238 952 ait,

318 977 416 1036 nugas
437 958 467 1016 in
493 976 545 1018 ore
568 959 737 1018 sacerdotis
759 977 828 1018 esse
844 957 1082 1040 blasphemiam:
1106 976 1169 1026 non
1186 976 1238 1025 au-

240 1105 243 1124 ,
318 1051 377 1100 tem
403 1041 575 1100 existimavi
600 1039 656 1102 bos
679 1039 888 1120 disputatione
911 1041 1112 1119 separandos,
1133 1040 1238 1121 quiin

318 1121 447 1184 eandem
472 1126 655 1186 sententiam
679 1124 819 1185 manibus
854 1131 886 1185 et
936 1123 1043 1188 edibus
1066 1124 1238 1204 conspiras-

318 1215 396 1270 sent.
441 1203 487 1268 Ob
516 1207 545 1265 id
580 1207 650 1268 dum
672 1207 893 1267 illustrissimus
914 1144 1063 1288 irinceps
1086 1205 1239 1286 Georgius

317 1289 472 1352 Saxoniae
494 1289 581 1364 Dux,
606 1291 755 1369 Dominus
785 1289 1052 1364 clementissimus,
1082 1309 1119 1351 ac
1140 1287 1239 1351 felicis

317 1372 408 1432 studii
442 1371 594 1450 Liptzens.
618 1372 789 1433 Commune
818 1381 849 1432 et
875 1372 1042 1440 Facultatis
1074 1371 1238 1452 Theologi-
1347 1371 1354 1380 '

318 1463 373 1516 ca'e
405 1455 566 1516 consilium
598 1454 838 1534 disputationem
872 1464 1007 1516 nostram
1043 1455 1241 1518 admisissent

321 1539 444 1619 (spiritu
477 1535 531 1597 illo
553 1535 668 1598 Lutteri
690 1538 853 1600 desinente
889 1541 919 1603 iu
948 1558 1003 1600 cor
1025 1558 1129 1603 eorum
1154 1537 1239 1616 dara,

204 1649 206 1656 ·
310 1617 350 1680 ¹ut
384 1621 444 1685 boc
475 1621 632 1700 negotium
655 1627 867 1699 recusarent),
901 1630 932 1683 et
952 1615 1106 1689 Lutterurn
1131 1621 1239 1685 litteris

318 1703 393 1762 meis
417 1704 545 1766 evocavi
568 1703 651 1772 velut
661 1705 873 1782 principalem,
896 1712 928 1766 ut
950 1704 997 1766 vel
1020 1724 1076 1765 sua
1094 1713 1238 1782 tueretur,

258 1805 263 1818 κ
318 1785 366 1845 vel
389 1792 495 1846 nostra
516 1786 713 1865 improbaret.
750 1787 783 1847 ld
807 1789 906 1868 ipsum
930 1797 961 1848 et
981 1788 1119 1856 facultati
1139 1788 1239 1850 Theo-

317 1867 439 1948 logicae
460 1868 615 1947 Liptzensi
638 1869 824 1950 significavi,
858 1879 889 1932 et
910 1871 993 1955 quod
1014 1871 1155 1933 Lutterus
1177 1870 1238 1933 Au·
1308 1945 1314 1958 ι

318 1950 422 2010 dream
446 1949 636 2012 Bodenstein
648 1953 764 2034 pisitur
788 1953 965 2015 subvertere
987 1973 1026 2014 ex
1048 1973 1152 2031 uena,
1175 1964 1239 2019 tou

317 2035 432 2112 patiar,
456 2053 523 2094 cum
548 2043 609 2099 tam
632 2038 789 2096 animosus
812 2038 852 2096 sit
872 2035 1025 2100 scribendi
1046 2037 1188 2117 conuicia
1207 2044 1240 2098 et

315 2117 489 2176 encomium
517 2119 587 2177 ante
610 2120 768 2178 victoriam
797 2119 847 2179 diu
876 2122 1031 2189 cecinerit.
1072 2119 1240 2182 Recusavit

316 2200 400 2259 adire
422 2199 564 2282 Romam,
587 2198 777 2281 Parrhysios,
801 2203 973 2280 Coloniam,
997 2222 1149 2287 expensas
1169 2223 1227 2267 cau

316 2290 400 2344 satus
424 2291 454 2342 et
475 2283 541 2344 iter.
583 2284 623 2342 Et
646 2285 768 2368 quando
799 2306 858 2366 ego
883 2306 951 2346 eum
974 2305 1120 2365 sequerer
1142 2305 1239 2366 usquc

317 2364 356 2426 ad
389 2367 511 2427 ianuam
527 2368 652 2447 ,patriae
674 2388 762 2445 suae,
796 2369 890 2432 vellet
912 2369 1082 2434 detrectare
1102 2388 1238 2451 pugnam
1343 2401 1346 2407 <

320 2457 350 2509 et
380 2469 413 2509 se
436 2451 515 2510 intra
537 2450 723 2511 munitiones
747 2455 920 2529 continere,
952 2453 1013 2514 hoc
1042 2460 1126 2516 esset
1146 2452 1238 2533 dege·

319 2528 400 2592 naris
425 2540 455 2592 et
469 2534 572 2622 „timidi
597 2531 708 2595 militis.
735 2534 882 2609 Quamvis
907 2538 931 2595 si
953 2538 1013 2597 iam
1037 2536 1158 2597 doctior
1178 2538 1239 2600 iac

320 2622 367 2675 tus
390 2622 473 2675 esset
502 2634 538 2677 ac
561 2617 747 2697 palinodiam
778 2620 928 2684 recineret
949 2627 1100 2684 erratuum
1124 2618 1234 2684 Rome

319 2716 388 2767 nam
413 2696 571 2778 sequendo
596 2700 777 2775 ecclesiam,
809 2703 1007 2770 exoscularer
1027 2702 1183 2766 hominem
1206 2709 1240 2766 tu

319 2781 449 2841 amicum
479 2788 510 2841 et
538 2783 602 2842 fere
623 2784 761 2845 alterum.
804 2785 941 2847 securim
973 2792 1076 2847 autem
1097 2784 1137 2848 ad
1160 2784 1238 2848 radi·

319 2881 385 2924 cem
408 2866 514 2943 posui,
548 2862 778 2947 propositiones
807 2865 1018 2929 contrahendo
1047 2887 1103 2929 sex
1130 2875 1239 2934 contu

318 2944 355 3006 D.
379 2945 581 3008 Bodenstein:
614 2950 776 3028 septimam
806 2951 836 3009 in
860 2951 980 3032 scriptis
1003 2952 1174 3029 ususmisi,
1205 2952 1237 3020 ta

319 3028 429 3110 quibus
467 3038 563 3091 totam
597 3040 722 3093 nostrae
755 3034 932 3112 scriptionis
959 3053 1109 3101 summam
1132 3032 1239 3095 uideor

320 3110 392 3171 mihi
415 3114 610 3193 complexus:
645 3112 715 3175 Non
738 3133 814 3195 ergo
837 3116 924 3180 velut
943 3111 1076 3197 parerga'
1095 3116 1174 3180 haec
1193 3125 1238 3184 ale

273 3230 277 3239 ·
320 3194 374 3273 tigi
396 3212 496 3272 neque
519 3194 659 3268 subdole,
681 3196 736 3274 sed
758 3198 954 3277 simplicitate
968 3197 1161 3281 Theologica
1181 3199 1238 3264 has

318 3278 546 3357 propositiones
568 3276 757 3339 Bodenstein
781 3280 891 3344 obieci.
925 3280 1012 3358 Quae
1033 3301 1108 3346 vero
1131 3291 1240 3346 conus

319 3365 349 3419 te
369 3360 474 3437 posita
495 3367 579 3437 sunt,
601 3360 721 3441 butten,
744 3382 806 3426 non
830 3363 960 3443 obtrusi,
993 3385 1052 3430 uec
1084 3366 1161 3427 salso
1183 3364 1238 3434 iru'-

318 3443 417 3523 posui,
441 3442 511 3523 quin
534 3444 628 3523 digito
651 3454 968 3527 monstrarepossem,
992 3446 1132 3512 ubihaec
1152 3468 1238 3514 uton-

319 3536 381 3593 stra
402 3526 524 3586 alueris.
566 3526 690 3591 Utinam
721 3536 752 3589 et
780 3529 834 3589 illa
861 3531 942 3610 apud
972 3534 1003 3593 te
1024 3551 1087 3594 non
1109 3534 1237 3614 reperis·

320 3626 394 3669 sem.
441 3608 483 3670 At
522 3610 605 3688 quod
639 3610 751 3675 deinde
783 3614 968 3676 vanissimae
1000 3612 1152 3696 gloriolas
1188 3634 1238 3679 ma

319 3689 453 3769 damnat,
475 3692 557 3770 quod
578 3692 721 3755 schedam
746 3692 978 3775 disputatoriam
1002 3696 1161 3775 ediderim,
1184 3719 1236 3762 an·

318 3780 440 3851 tequam
470 3781 570 3835 certus
597 3796 696 3837 essem
729 3775 767 3837 de
795 3778 999 3859 Liptzensium
1032 3780 1236 3845 Dominarum

318 3874 463 3933 assensu,
494 3858 601 3919 fateor.
643 3860 684 3921 Et
716 3858 788 3941 quid
820 3860 881 3923 hoc
916 3862 1046 3944 culpae?
1088 3864 1154 3925 luto
1183 3866 1236 3944 ait,

240 3950 266 3997 υ
317 3951 516 4020 posteaquam
541 3962 580 4003 ex
603 3961 652 4002 me
673 3952 838 4024 acceperat
859 3965 913 4007 eos
937 3946 1064 4007 omnino
1081 3966 1235 4029 recussus,

316 4022 376 4085 bo'c
412 4024 534 4105 quidem
566 4032 719 4087 tornatum
758 4026 960 4108 mandacium⁴
1003 4028 1125 4101 scheda
1154 4050 1235 4112 ,mea
