3075 4775
157 300 697 311 m-—u-——n-—w--ffiw
713 302 769 305 --v—--
778 300 800 308 -v

355 548 420 615 188
478 576 485 581 ·
556 550 714 620 Disputatio
732 516 842 621 upside
862 552 958 607 nstin
975 568 1001 608 a.
1019 532 1080 607 'Xlx

354 743 436 802 nium
459 740 713 805 scholasucorum
736 741 903 803 Doctorum
934 762 1051 804 mecum
1074 740 1208 815 esse1),
1246 748 1278 805 et

226 893 236 907 Ι
353 833 462 886 contra
484 824 606 886 obiecta
618 826 684 885 eius
707 844 855 905 pugnare,
878 844 1066 888 cumomnes
1079 828 1278 887 consentiant

353 909 568 970 contritionem
591 916 736 988 oportere
754 907 820 969 lieri
841 909 872 968 in
885 911 1021 989 caritate,
1043 911 1069 970 si
1090 908 1184 969 dcbct
1205 928 1277 971 essa

353 992 436 1073 bona
461 1002 493 1052 et
519 993 673 1052 meritoria
694 992 895 1071 poenitentia.
920 992 1009 1067 Quod
1041 1012 1100 1073 ego
1131 1012 1208 1053 asne
1231 995 1277 1054 in·

355 1075 472 1157 telligo,
494 1076 711 1135 contritionem
733 1073 799 1135 lieri
824 1082 968 1138 movente
980 1085 1011 1138 et
1031 1078 1202 1155 imperante
1226 1094 1278 1136 ca-

353 1161 452 1238 ritate,
474 1166 507 1218 ut
528 1160 574 1218 sic
594 1159 634 1219 sit
656 1158 849 1237 voluntaria,
866 1158 981 1236 hilaris,
1003 1177 1148 1221 amorosa
1168 1161 1277 1239 poeni·

352 1244 457 1304 tentia.
491 1242 566 1303 ldeo
588 1242 660 1302 licet
680 1237 839 1302 lohannes
860 1243 1064 1325 increpaverit
1083 1242 1222 1303 Judseos
1245 1250 1278 1303 st

353 1328 507 1402 terruerit,
536 1344 600 1385 non
622 1323 693 1385 ideo
721 1326 873 1404 sequitur,
905 1328 1100 1406 poenitentes
1136 1327 1278 1407 incipere

352 1410 444 1469 stiam
465 1428 484 1469 a
506 1415 630 1487 terrore.
653 1409 716 1468 Ant
726 1402 762 1467 'si
783 1408 933 1487 incipiunt
953 1430 972 1471 a
993 1417 1120 1485 terrore,
1142 1410 1200 1469 nisi
1226 1429 1276 1469 ac

352 1493 480 1552 cesserit
501 1492 615 1571 gratia,
638 1487 826 1572 hypocritae
848 1500 919 1553 sunt
939 1496 1063 1571 verius,
1086 1511 1177 1573 quam
1198 1512 1276 1573 poc-

353 1577 496 1636 nitentes.

435 1657 557 1717 Adiecit
577 1656 614 1716 D.
636 1657 672 1718 D.
693 1657 856 1734 rationem,
878 1656 960 1737 quo'd
978 1658 1061 1719 Deus
1084 1677 1132 1717 res
1154 1660 1200 1718 sic
1221 1658 1275 1719 ad-

353 1741 524 1812 ministrat,
555 1746 589 1799 ut
614 1741 677 1799 ima
704 1759 758 1820 per
790 1741 891 1801 medic
918 1740 1010 1801 ducat
1036 1740 1076 1800 cd
1103 1743 1275 1821 superiora,

352 1823 436 1902 quod
466 1823 584 1903 aptavit
610 1822 657 1883 ad
671 1824 834 1901 timorem,
863 1824 989 1902 volens,
1022 1831 1182 1905 peccatum
1205 1844 1278 1885 esse

351 1908 464 1984 imum,
493 1908 634 1966 timorem
663 1905 814 1982 medium,
844 1926 981 1968 amorem
1003 1908 1155 1987 superius,
1190 1908 1275 1987 quod

352 2010 411 2070 ego
434 1997 577 2065 transeo,
599 1995 632 2049 ct
651 2008 715 2049 non
737 1991 869 2069 accipio.
980 2013 986 2033 s

433 2072 517 2133 Dicit
538 2074 647 2150 stiam,
674 2092 744 2133 esse
765 2073 980 2153 perfectionis,
1008 2075 1031 2133 si
1049 2072 1143 2135 homo
1165 2081 1277 2154 posset

351 2174 386 2215 se
408 2174 493 2215 merc
514 2155 574 2216 Dei
603 2154 709 2216 obtutu
737 2163 768 2216 et
793 2150 899 2217 amore
925 2156 1057 2217 iustitiae
1091 2158 1209 2237 erigere
1233 2158 1274 2218 ad

351 2240 480 2318 gratiam
503 2238 734 2319 capessendam.
758 2239 818 2301 Sed
841 2240 907 2319 quis
932 2246 980 2299 est
1000 2239 1060 2316 hic,
1082 2247 1115 2301 et
1135 2238 1275 2301 laudabi-

351 2341 418 2381 mus
440 2321 533 2381 enm?
554 2322 763 2402 Respondeo:
791 2322 857 2383 Nec
878 2323 988 2383 timore
1010 2342 1068 2383 nec
1090 2340 1196 2383 amore
1218 2344 1275 2406 pc-

351 2411 466 2466 testae
487 2405 581 2466 homo
603 2407 721 2488 erigere
742 2405 780 2466 cd
803 2408 931 2488 gretiam
956 2406 1194 2486 capessendam,
1217 2407 1274 2469 sed

269 2501 274 2517 ¹
350 2490 449 2570 gratia
467 2490 642 2568 praevenit,
670 2496 702 2550 et
723 2497 827 2551 movet
849 2489 887 2550 ad
912 2509 1026 2550 merum
1050 2491 1107 2550 Dei
1128 2491 1274 2554 obtutum

351 2578 383 2632 et
404 2591 542 2633 amorem
563 2572 706 2633 iustitiae.

432 2654 481 2715 Ad
505 2654 727 2735 Augustinnm,
757 2657 809 2734 qui
837 2654 949 2716 doceat
969 2655 1155 2736 praecedere
1183 2655 1276 2718 timo-

349 2756 414 2798 rem
436 2745 509 2798 ante
530 2739 669 2818 gratiam,
692 2745 724 2800 et
733 2739 867 2799 intrante
883 2741 1010 2800 caritate
1023 2739 1098 2819 pelli
1120 2738 1273 2802 timorem.

351 2819 442 2881 dico:
474 2820 506 2882 si
527 2826 610 2881 recte
631 2821 837 2901 intelligetur,
861 2821 1005 2900 admitto,
1026 2822 1088 2883 hoo
1108 2827 1165 2896 cst,
1187 2822 1273 2900 quod

349 2903 690 2983 poenitentianondum
711 2912 760 2964 est
780 2905 912 2985 incepta,
935 2904 1058 2984 quando
1082 2907 1173 2969 timor
1184 2924 1273 2985 prac-

351 2986 433 3047 cedit
454 2989 622 3048 caritatem.
645 2987 705 3048 Sed
729 2988 862 3048 intrante
884 2989 1011 3049 caritate
1032 2988 1175 3068 incipitur
1196 3007 1273 3067 poe-

349 3071 488 3145 nitentia,
511 3069 540 3129 id
563 3076 619 3146 est,
641 3089 729 3131 amor
750 3071 885 3132 iustitiae
907 3079 937 3132 et
959 3071 1062 3133 odium
1086 3071 1214 3152 peccati.
1239 3072 1271 3134 Si

350 3160 450 3214 autem
466 3154 577 3214 caritas
588 3171 650 3213 non
668 3155 804 3233 intraret,
826 3155 917 3216 timor
928 3174 989 3215 non
1001 3159 1187 3234 operaretur,
1210 3156 1273 3215 nisi

350 3237 467 3297 maiora
489 3242 625 3316 peccata.
660 3235 763 3311 Quare
783 3237 843 3298 iata
865 3237 1030 3299 similitudo
1054 3243 1140 3326 setae
1163 3243 1195 3297 et
1217 3237 1273 3298 lini

350 3317 497 3397 probatur
525 3320 613 3392 mihi,
642 3319 736 3380 modo
757 3339 821 3380 non
843 3322 1047 3402 intelligatur,
1075 3319 1158 3400 quod
1180 3322 1274 3382 timor

349 3399 474 3462 inducat
495 3403 672 3479 caritatem,
695 3402 778 3482 quod
800 3405 957 3485 exipsius
980 3405 1017 3466 D.
1040 3405 1073 3464 D.
1099 3397 1199 3466 derbis
1223 3423 1272 3465 ca·

349 3484 412 3563 pio,
434 3484 517 3563 quod
538 3485 596 3546 nisi
617 3492 710 3547 exeat
731 3492 815 3562 seta,
838 3507 900 3550 non
922 3489 1060 3549 succedit
1084 3487 1187 3566 linum,
1208 3487 1272 3548 hcc

350 3574 417 3644 est,
450 3569 507 3627 nisi
530 3569 640 3646 timor,
673 3570 725 3648 qui
757 3570 886 3652 impedit
913 3572 1133 3652 poenitentiam
1156 3589 1274 3651 veram,

349 3650 495 3728 pellatur⁴
512 3653 567 3729 per
602 3652 764 3713 intrantem
796 3655 975 3729 ceritatem,
1014 3671 1168 3734 nunquam
1199 3674 1273 3716 vere

350 3735 540 3813 poenitetur,
563 3741 596 3794 ut
617 3736 661 3794 sic
682 3735 823 3798 dixerim.

434 3813 627 3878 Ambrosium
648 3818 806 3898 inductum
829 3821 860 3879 in
882 3818 1022 3901 Epistola
1047 3818 1088 3880 ad
1119 3818 1275 3899 Studium,

271 4114 276 4124 .
317 4096 325 4109 ·
388 4079 416 4142 l)
435 4079 466 4132 ln
484 4075 527 4132 ed.
545 4075 610 4133 Jen.
629 4083 657 4130 et
674 4076 748 4147 apud
768 4077 902 4134 Loescu:
924 4076 1041 4148 ,sentire
