3075 4775
555 559 713 616 attotariu
732 565 858 631 exospta
1118 571 1123 576 ·
1143 562 1186 628 45

259 752 314 826 put
343 745 413 808 eius
441 766 548 808 aurum
580 749 744 830 optimum,
774 748 905 829 Glossa,
933 757 1040 832 eaput,
1074 751 1185 832 idest,

261 829 412 907 Christus,
434 830 520 911 Papa
533 850 608 892 vero
632 839 679 893 est
701 834 766 892 eius
779 833 921 894 vicarius.
941 834 976 894 ln
999 837 1184 898 consistorio

158 972 169 996 ‚
260 919 364 974 autem
393 914 559 995 episeopus
588 924 620 976 et
640 917 773 976 vinarius
795 923 1011 998 eomputantrr
1037 938 1094 999 pro
1124 940 1186 980 una

259 1014 406 1140 pierstona,
425 995 675 1079 undeappellare
697 999 850 1060 avioario
864 999 904 1060 ad
919 1002 1098 1081 episcopum
1120 1022 1184 1065 non

282 1097 342 1140 os.

344 1161 392 1223 De
405 1161 617 1225 Gardinalibus
639 1181 713 1225 vero
730 1163 805 1244 dixi,
828 1164 910 1245 quod
930 1186 1021 1246 nuno,
1044 1166 1105 1228 hoe
1126 1178 1184 1246 est,

259 1245 347 1307 iuxta
369 1246 532 1306 ecelesiam
554 1245 616 1306 iam
637 1247 817 1326 institutam,
840 1249 953 1310 electio
975 1249 1015 1310 ad
1039 1249 1184 1311 Cardine·

259 1328 304 1390 les
327 1331 462 1408 venerit,
498 1327 628 1390 Nieolao
657 1330 793 1409 quodam
826 1331 976 1392 Pontifioe
1012 1332 1184 1411 ordinante,

260 1418 365 1473 tamen
389 1418 529 1494 tempore
551 1411 732 1493 Hieronymi
752 1414 849 1474 fuisse
871 1415 1051 1477 cardinales
1078 1415 1184 1494 oredo,

259 1496 319 1556 uisi
342 1495 551 1576 Hieronymus
574 1513 637 1556 non
659 1497 751 1558 luerit
771 1497 934 1578 presbyter
955 1498 1136 1560 cardinalis.

344 1577 464 1653 Quarto
493 1577 532 1640 de
557 1577 723 1658 Cypriane.
760 1580 852 1642 Certe
876 1580 950 1643 lieri
977 1601 1039 1644 non
1070 1590 1184 1663 potest,

152 1719 153 1738 ,
260 1669 293 1722 ιιι
314 1661 346 1725 S.
369 1661 511 1742 Martyris
540 1661 635 1722 verba
661 1663 692 1723 in
713 1662 876 1725 Romanae
903 1664 1059 1726 dioeoesis
1089 1685 1184 1747 angu-

152 1761 153 1796 ι
259 1745 334 1805 stias
362 1751 510 1808 eoarotet.
559 1743 638 1818 Quia
669 1747 849 1828 episcopum
872 1748 1039 1808 Maximum
1063 1767 1102 1809 ex
1123 1749 1184 1810 Nu·

152 1829 153 1904 j
261 1827 364 1905 midie,
387 1846 468 1906 quae
489 1827 575 1909 regio
588 1835 636 1889 est
647 1827 772 1890 Africae
792 1831 871 1891 ultra
882 1831 1050 1912 Atlantem,
1071 1833 1183 1895 utPto-

152 1913 153 1976 t
259 1911 401 1972 lomaeus
423 1917 454 1972 et
476 1910 585 1973 Strabo
609 1918 732 1973 autores
755 1920 835 1993 sunt,
860 1913 900 1974 ad
917 1915 1048 1976 Romam
1070 1915 1184 1976 adven-

152 1995 153 2014 *
258 2000 371 2055 tarunt.
415 1992 506 2070 Quod
535 2013 609 2054 vero
639 1995 811 2076 Cyprianus
845 1997 1022 2059 Cornelium
1059 1998 1184 2062 stanam
1225 2011 1230 2018 '

257 2077 449 2158 appellavit,
472 2077 603 2140 arbitror
624 2079 801 2140 oolleetoris
821 2080 926 2157 fuisse,
949 2101 1012 2142 non
1037 2081 1183 2162 Cypriani

253 2155 411 2239 mentem,
434 2179 505 2221 nam
528 2161 554 2220 si
576 2167 765 2226 sanatorum¹
782 2165 997 2244 episeoporum
1026 2165 1184 2245 Epistulas

152 2281 153 2312 ι
259 2243 437 2325 legerimus,
458 2243 651 2321 inveniemus
675 2245 757 2306 ulare
778 2266 817 2307 ea
840 2254 1024 2327 tempestate
1047 2249 1184 2310 usitatio·

152 2327 153 2332 ’
258 2346 306 2389 res
340 2327 437 2389 titisse
465 2327 709 2408 conscriptiones
731 2329 800 2390 illas
823 2329 992 2393 laudabiles
1014 2338 1046 2393 et
1066 2334 1183 2413 magni·
1215 2339 1220 2344 ’

257 2410 350 2489 fleas,
379 2430 472 2491 quam
494 2410 588 2474 modo
610 2410 678 2490 fiet,
709 2413 801 2474 Rom.
823 2414 974 2499 Pontifloi,
997 2422 1029 2475 ut
1050 2415 1089 2477 de
1110 2416 1183 2477 dm·

258 2494 382 2573 brosio,
406 2495 599 2575 Augustino,
620 2495 753 2575 Hilario,
779 2498 951 2577 ceterisque
971 2499 1069 2577 liquet
1089 2499 1182 2560 Patri·

258 2576 324 2639 bus.
368 2578 447 2639 Nam
471 2586 575 2640 mutuo
599 2598 633 2639 se
655 2586 772 2639 vocant
792 2580 1003 2661 beatissimos,
1026 2584 1182 2643 sanstissi-

258 2678 346 2739 mos,
379 2661 447 2722 Deo
471 2661 707 2722 amabilissimus
728 2668 786 2726 eto.
830 2663 880 2724 Ad
908 2663 1084 2726 adiunotum
1112 2684 1182 2725 aau-

259 2754 358 2824 satur,
398 2743 481 2823 quod
509 2763 654 2823 quaeram
683 2744 878 2827 divertieula,
916 2753 949 2808 et
969 2746 1009 2809 ad
1030 2767 1094 2808 rem
1119 2767 1181 2809 non

257 2828 457 2907 pertinentia:
478 2826 556 2887 (lum
567 2825 651 2889 bona
667 2830 759 2889 venia
772 2829 903 2891 libenter
912 2830 1056 2908 diaerem,
1077 2830 1183 2910 Turpe

259 2918 305 2972 est
326 2910 455 2972 Dootori
477 2917 535 2973 ete.
558 2911 640 2973 Petit
661 2931 679 2971 a
702 2932 761 2991 me,
784 2921 818 2974 ιιι
838 2914 967 2994 probem
989 2914 1110 2973 Petrum
1134 2932 1183 2974 or·

259 2994 385 3055 dinasse
407 2994 539 3073 aliquem
561 2994 752 3075 apostolum,
779 2997 835 3057 sed
863 2998 924 3058 hoo
950 2996 990 3058 ad
1011 2997 1181 3057 institutum

259 3081 399 3139 nostrum
422 3084 470 3138 est
488 3078 698 3155 impertinens.
720 3079 791 3140 Non
815 3082 896 3142 enim
908 3082 1093 3161 quaerimus,
1115 3082 1183 3161 quis

259 3180 351 3221 unum
377 3166 431 3220 aut
451 3160 579 3221 alterum
603 3161 765 3239 ordinavit,
788 3163 844 3225 sed
865 3167 934 3244 quis
948 3166 1111 3245 primatum
1133 3184 1182 3225 sn·

259 3264 315 3325 per
335 3244 416 3304 alios
438 3263 458 3304 a
478 3244 612 3305 Domino
629 3246 703 3329 lesu
725 3249 855 3327 aceepit.
899 3248 1097 3328 subsequens
1118 3267 1181 3310 om·

260 3329 333 3389 nino
355 3346 481 3408 respuo,
503 3346 572 3388 oum
586 3328 760 3391 huiusmodi
777 3331 851 3392 teuit
871 3332 1059 3395 illationem:
1073 3332 1181 3394 Petrus

260 3410 377 3471 nullum
398 3413 498 3491 potuit
520 3411 662 3474 ordinare
684 3415 881 3494 apostolum,
917 3434 1012 3495 quare
1034 3434 1093 3477 nee
1114 3436 1181 3478 suo·

260 3512 366 3555 eeasor
392 3494 474 3556 Petri
503 3512 713 3558 suoeessorem
742 3496 868 3559 alterius
896 3501 996 3579 potuit
1028 3499 1181 3583 ordinare,

260 3578 308 3639 vel
331 3596 483 3658 supereo
507 3577 620 3641 hebere
642 3586 839 3660 potestatem.
881 3581 960 3642 Nam
989 3590 1180 3663 assumptum

260 3669 307 3722 est
328 3681 445 3740 verum,
466 3661 583 3723 illatum
606 3675 654 3724 est
676 3664 838 3726 manifeste
858 3664 985 3743 falsum,
1009 3685 1078 3727 oum
1101 3686 1181 3727 sum-

261 3762 327 3806 mus
351 3744 493 3807 Pontifex
514 3745 608 3807 modo
624 3754 823 3829 ‘potestatem
850 3748 978 3829 habeat,
1006 3758 1039 3810 ει
1059 3748 1183 3811 ordinet

260 3828 337 3890 alios
359 3830 536 3910 episoopos.
569 3830 683 3893 Verum
705 3833 784 3891 ratio
807 3831 964 3893 enodandi
985 3832 1101 3893 nodum
1124 3834 1182 3895 erit

259 3912 327 3991 ista,
349 3911 433 3992 quod
454 3913 647 3993 apostolatus
671 3912 818 3995 officium,
834 3915 1067 3978 tundamentum
1083 3915 1179 3975 eoele-

260 3996 333 4076 siae,
355 3995 425 4077 plus
446 3995 529 4075 dioit,
551 4014 642 4076 quam
654 4016 724 4061 esse
739 4000 928 4080 episcopum.
951 3997 1053 4072 Quare
1062 3998 1125 4060 Leo
1142 3999 1179 4060 X.

261 4096 422 4142 aueeessor
443 4086 492 4142 est
511 4078 593 4142 Petri
614 4082 760 4163 apostoli,
781 4102 845 4145 non
866 4082 1039 4164 apostolus·
