3075 4775
536 531 571 584 de
589 530 769 587 sacramento
789 534 929 602 baptismi.
1126 533 1189 600 405

268 717 370 779 omnis
399 717 524 798 generis
560 715 759 795 afflictiones,
800 720 890 780 etiam
922 719 1022 800 ipsam
1051 727 1191 800 mortem,

267 820 322 879 per
343 798 531 880 baptismum
560 800 725 862 salutarem
755 802 919 862 sentilam
955 801 1051 880 efflei,
1086 809 1121 864 ut
1152 805 1193 866 sit

268 902 325 943 eeu
346 883 599 961 instrumentum,
631 904 692 962 quo
716 885 884 965 baptismus
913 885 953 946 ad
982 885 1191 948 mortificatio·

267 986 338 1026 nem
363 968 465 1027 utitur.
507 966 616 1046 Neque
644 969 724 1028 enim
748 968 837 1030 aliter
857 967 923 1029 fieri
944 974 1065 1049 potest,
1098 989 1190 1048 quam

267 1057 301 1109 ut
322 1049 379 1125 illi,
401 1050 451 1128 qui
473 1049 627 1130 baptismo
650 1051 829 1113 satisfacere
861 1059 893 1112 et
914 1053 1050 1130 peoeatis
1067 1051 1191 1116 liberari

267 1133 387 1207 volunt,
410 1134 587 1194 moriantur.
631 1134 712 1208 Quia
738 1142 840 1195 autem
863 1141 1024 1215 peooatum
1047 1137 1190 1196 nonnisi

268 1223 411 1276 ooaotum
426 1219 562 1295 moritur,
583 1217 655 1278 ideo
668 1219 760 1278 etiam
783 1217 826 1296 fit,
849 1226 881 1276 ut
894 1237 976 1278 mors
1000 1225 1062 1278 tam
1077 1219 1190 1280 aoerba

269 1305 300 1359 et
329 1299 483 1360 horribilis
516 1302 598 1360 sarni
622 1308 779 1381 appareat.
823 1299 935 1378 Sisque
957 1302 1109 1362 oernimus
1132 1301 1188 1361 Dei

267 1387 330 1442 tum
354 1382 594 1445 miserioordiam
624 1391 687 1444 tum
711 1385 882 1464 potentiam
914 1403 952 1444 ea
973 1384 1003 1443 in
1020 1403 1071 1462 re,
1106 1385 1189 1462 quod

267 1472 429 1544 peecatum
452 1471 551 1526 morte
572 1466 705 1542 tollitur,
737 1486 816 1544 quae
839 1486 921 1526 mors
942 1467 1062 1547 peooati
1085 1473 1190 1527 tamen

268 1554 315 1608 est
336 1549 450 1608 fruetus
473 1555 504 1608 et
525 1568 653 1626 meroes,
676 1551 755 1610 sieut
779 1569 847 1610 eam
861 1549 973 1611 Paulus
997 1551 1189 1614 vooatRom.

267 1633 295 1696 6.
320 1625 456 1774 Ὗώνια
477 1635 533 1716 τῆς
554 1627 719 1714 &papulae
738 1630 899 1707 θάνατος.

365 1715 493 1775 nvenias
515 1722 617 1776 autem
645 1716 759 1777 multos
781 1719 911 1796 passim,
946 1718 996 1796 qui
1019 1714 1134 1777 vellent
1156 1735 1189 1776 se

267 1797 364 1858 iustos
385 1817 464 1875 esse,
487 1817 587 1877 neque
609 1799 692 1858 alind
713 1819 812 1878 aeque
828 1804 976 1878 expetunt
998 1803 1035 1858 at
1050 1805 1190 1858 sanctam

267 1881 371 1940 vitam.
393 1879 533 1942 'Verum
565 1901 628 1944 non
662 1888 710 1942 est
737 1882 799 1942 alia
827 1883 924 1961 magis
959 1881 1190 1961 compendiaria

267 1963 326 2040 via,
348 1982 410 2042 qua
430 1964 576 2024 iustitiam
590 1984 799 2044 assequamur,
823 1983 913 2042 quam
936 1984 991 2044 per
1004 1963 1187 2044 baptismum

267 2048 395 2125 eiusque
413 2066 502 2126 opus,
519 2048 580 2109 boo
601 2055 658 2125 est,
679 2068 734 2128 per
750 2065 872 2108 oruoem
895 2053 1078 2108 etmortem.
1101 2045 1189 2119 Quae
1217 2079 1222 2088 ι

266 2148 335 2188 oum
357 2129 401 2190 illi
422 2130 559 2209 fugiunt,
592 2138 736 2210 apparet,
769 2130 852 2210 quod
881 2149 981 2209 neque
1006 2128 1189 2209 intelligant,

267 2211 339 2291 quid
361 2212 401 2270 sit
421 2213 534 2273 iustum
550 2233 643 2291 esse,
666 2233 766 2292 neque
790 2215 882 2274 etiam
905 2233 978 2274 vere
999 2213 1031 2272 id
1053 2215 1187 2293 cupiant.

348 2295 432 2355 Deus
453 2296 545 2376 igitur
572 2298 602 2355 in
631 2299 716 2357 varia
737 2299 822 2358 vitae
844 2316 959 2377 genera
982 2297 1115 2357 coniecit
1135 2295 1189 2356 ho·

268 2378 375 2455 mines,
398 2378 429 2438 in
452 2379 560 2457 quibus
582 2399 616 2440 se
641 2381 769 2459 quisque
792 2387 951 2441 exeroeret
971 2387 1002 2440 et
1023 2399 1109 2439 suam
1131 2378 1189 2439 ler-

266 2469 313 2521 ret
334 2481 467 2521 oruoem.
508 2462 569 2522 Alii
591 2464 699 2523 vivunt
720 2466 750 2523 in
774 2464 929 2543 coniugio,
953 2464 1004 2523 alii
1025 2464 1188 2541 imperant,

267 2544 317 2603 alii
341 2545 491 2623 imperata
511 2546 635 2606 faciunt.
678 2546 774 2608 Porro
805 2546 836 2606 hi
865 2565 972 2605 omnes
1001 2546 1074 2605 satis
1102 2544 1189 2605 labo<

265 2647 331 2687 rum
364 2646 402 2687 ae
436 2628 644 2689 molestiarum
676 2629 807 2703 habeut,
845 2628 954 2707 quibus
990 2625 1191 2687 mortificetur,

266 2728 349 2771 oaro.
378 2710 464 2771 Etsi
487 2713 537 2791 qui
560 2712 704 2791 baptizati
727 2718 806 2789 sunt,
829 2712 887 2771 illis
911 2712 1016 2787 otium,
1040 2710 1188 2770 securitas

266 2798 298 2853 et
317 2811 380 2873 pax
402 2793 507 2853 mundi
529 2813 586 2855 eeu
608 2813 760 2856 venenum
784 2803 845 2873 eet,
875 2793 959 2873 quod
980 2794 1091 2852 iustum
1116 2792 1188 2870 bap·

267 2877 347 2936 tismi
370 2895 448 2955 opus
470 2884 656 2946 remoratur,
685 2898 786 2956 neque
815 2879 894 2938 enim
918 2877 977 2952 illi,
1015 2876 1065 2954 qui
1088 2875 1188 2934 otiose

266 2978 304 3019 ao
325 2978 434 3019 seoure
455 2967 567 3041 agunt,
599 2968 653 3021 aut
682 2980 803 3021 ornnem
832 2968 863 3021 et
890 2965 1019 3020 mortem
1043 2958 1188 3033 tolerare,

266 3049 319 3102 aut
340 3050 503 3122 peecatum
526 3042 630 3105 odiose
652 3051 788 3123 possunt.
831 3044 900 3104 Hoo
921 3044 1024 3122 potius
1045 3040 1117 3099 inde
1140 3058 1188 3100 ao-

267 3124 350 3203 oidit,
372 3131 406 3185 ut
426 3125 506 3185 hano
528 3128 621 3187 vitam
644 3127 799 3187 ardentius
823 3124 1081 3206 complectentur,
1103 3122 1187 3183 illam

266 3214 371 3269 autem
392 3208 523 3271 futuram
546 3223 577 3269 et
598 3216 754 3271 aeternam
777 3209 932 3286 horreant,
956 3213 1093 3268 metuant
1109 3224 1187 3265 mor-

267 3297 339 3368 tem,
360 3297 452 3369 atque
474 3300 671 3371 peecatorum
694 3291 961 3353 mortificationem
985 3289 1147 3370 refugiant.

350 3374 478 3435 Decimo
501 3376 649 3455 septimo,
678 3377 739 3437 iam
762 3395 836 3456 ergo
866 3376 891 3434 si
913 3374 1070 3435 bominum
1095 3373 1189 3433 vitam

266 3476 303 3516 ao
332 3476 434 3517 mores
462 3457 638 3538 diligentius
667 3460 830 3534 intuearis,
866 3457 976 3517 multos
1008 3456 1123 3536 passim
1145 3456 1189 3515 in·

266 3542 390 3616 venias,
423 3541 474 3618 qui
495 3542 632 3619 ieiuniis,
660 3540 866 3616 orationibus,
890 3538 1189 3621 peregrinationibus

267 3631 299 3682 et
320 3622 470 3683 similibus
492 3624 636 3703 operibus
669 3644 732 3685 non
753 3622 804 3684 ab
816 3621 1029 3684 mortificanda
1050 3628 1189 3701 peooata,

267 3705 323 3765 sed
345 3704 384 3766 ad
406 3707 641 3785 promerendam
663 3709 793 3787 gratiam
822 3704 1060 3766 et¹eumulanda
1081 3705 1190 3763 merita

267 3794 356 3849 utant
393 3833 400 3847 .

349 3871 464 3931 Verum
486 3872 670 3932 ieiuniorum
693 3878 726 3932 et
746 3871 876 3932 aliorum
895 3870 1038 3930 similium
1061 3885 1188 3947 operum

266 3954 317 4015 his
340 3973 409 4014 esse
433 3953 566 4015 debebat
587 3974 680 4033 usus,
702 3963 735 4015 ut
756 3960 893 4014 veterem
916 3953 1068 4014 Adamum
1090 3949 1189 4009 illam-

267 4055 328 4118 que
348 4038 486 4098 innatam
516 4037 555 4098 ad
577 4036 770 4118 peooandum
803 4038 865 4097 vim
887 4039 1061 4117 premerent
1089 4037 1121 4092 et
1141 4048 1188 4090 as-
