3075 4775
517 439 523 453 ¹
572 428 593 465 Ι

358 532 422 600 848
598 537 691 591 Rasot
713 535 741 591 h.
758 549 845 607 super
861 535 1055 606 l’mpositions

360 729 418 800 est,
440 728 495 782 tss
515 722 613 783 solim
632 724 733 803 gratia
753 722 833 784 haee
854 728 915 783 tatn
933 720 1037 783 subito
1049 736 1182 797 uassare,
1205 738 1287 798 quae

360 821 420 864 nos
441 824 504 866 nou
533 807 704 868 statuimus.
747 806 799 867 Sin
820 807 901 866 enim
923 822 986 885 pax
1016 812 1047 865 et
1080 805 1192 864 saritam
1223 803 1286 865 ale-

359 898 459 965 retur,
482 895 515 949 at
535 888 595 949 ists
616 888 787 950 Deoratalis
809 906 924 951 maram
946 888 1122 971 superbiam
1144 894 1177 947 et
1195 902 1287 965 prae

359 971 487 1031 haeum
510 968 653 1033 ilduoism
675 970 825 1053 spirant).
1213 1045 1217 1050 ,

445 1052 652 1131 [Adiioiamua
676 1061 707 1116 et
727 1055 854 1116 alteram
868 1054 1073 1130 Deoretalem,
1095 1070 1156 1133 quo
1169 1052 1286 1113 titurius

359 1136 540 1218 probemus,
568 1155 631 1199 non
654 1156 723 1198 esse
750 1139 826 1199 solis
847 1136 1043 1219 pontiiloihus
1064 1136 1216 1197 Romanis
1238 1136 1285 1195 ius

361 1220 580 1300 interpretandi
601 1240 705 1282 sseras
728 1221 849 1299 literas,
878 1238 938 1281 nee
967 1228 1111 1301 oportere
1143 1219 1285 1299 eapttvos

358 1319 430 1364 esse
452 1303 643 1365 Christianos
669 1305 701 1364 in
730 1322 836 1365 eorum
858 1304 970 1383 verbs,
1003 1302 1058 1365 sed
1088 1319 1156 1363 oum
1186 1301 1284 1362 libero

358 1386 473 1447 indioid
497 1388 603 1447 omnia
623 1404 730 1448 eornm
752 1386 895 1467 legenda.

442 1470 489 1529 De
510 1471 685 1531 maioritate
706 1479 739 1530 et
761 1470 939 1531 obedientia
956 1488 983 1531 e.
1001 1469 1122 1547 solitae,
1146 1468 1200 1529 ubi
1216 1484 1284 1528 eum

360 1551 533 1633 imperator
560 1554 922 1633 Constantinopolitanae
950 1553 1118 1614 obiecisset
1141 1553 1284 1613 Romano

359 1633 499 1715 pontifloi
521 1636 647 1709 verbum
672 1637 770 1697 Petri:
804 1636 921 1698 subditi
949 1643 1049 1697 estote
1071 1636 1157 1697 omni
1180 1634 1284 1695 homa

360 1737 420 1779 nae
441 1727 599 1780 orestnrae
622 1728 690 1798 eto,
713 1738 775 1799 quo
791 1720 892 1781 voluit
908 1720 1111 1800 patrini-eham
1131 1718 1284 1781 Constan-

358 1801 600 1882 tinopolitsnum
623 1803 680 1863 sib'i
701 1804 876 1863 inferiorem
900 1804 1018 1884 faeere,
1048 1800 1218 1883 respondet
1239 1800 1285 1869 ln'·

360 1878 523 1946 no'eentius
544 1886 594 1947 lll.
617 1889 699 1962 sive,
728 1888 866 1966 quisquis
888 1885 1186 1961 montismontis
1218 1886 1284 1945 sius

360 1968 471 2046 scriba,
493 1989 620 2051 prorsus
641 1970 766 2051 ignarus
789 1988 943 2029 saetarum
968 1969 1134 2045 literarum,
1160 1966 1283 2027 dieens:

446 2052 573 2129 Verum,
596 2055 620 2112 si
642 2071 807 2133 personam
832 2052 1001 2132 loquentis,
1035 2059 1067 2112 et
1100 2070 1207 2112 eorum
1242 2049 1281 2111 ad

360 2153 439 2215 quos
461 2134 658 2215 loquebatur,
693 2154 731 2196 ae
752 2137 814 2195 vim
842 2136 1007 2196 locutionis
1031 2134 1217 2195 attendisses
1241 2132 1284 2192 di-

360 2218 520 2298 ligentius,
553 2218 645 2278 talem
683 2218 843 2279 scribentis
877 2238 939 2279 non
963 2218 1169 2299 expressisses
1191 2211 1287 2277 intel-'

360 2300 482 2361 lectum.

443 2380 537 2464 Vide,
559 2404 694 2466 quaeso,
724 2394 884 2466 pastorem
918 2384 1000 2446 hune
1034 2384 1136 2446 ovium
1161 2382 1284 2460 Christi,

361 2467 413 2548 qui
437 2467 691 2548 interpretaturus
718 2467 845 2530 verbum
866 2469 924 2533 Dei
950 2465 1050 2550 'paret
1081 2487 1282 2547 personarum

361 2549 548 2615 differentias
571 2549 696 2630 afferre,
731 2571 799 2612 eum
828 2553 955 2612 verbum
987 2551 1043 2612 Dei
1075 2549 1149 2615 nihil
1185 2569 1285 2632 aeque

361 2634 536 2716 impugnet,
570 2642 663 2714 atque
689 2643 863 2716 respectum
886 2655 1098 2715 personarum.
1141 2633 1214 2695 Non
1238 2641 1285 2693 est

359 2718 440 2778 enim
464 2718 605 2798 aoeeptio
627 2737 828 2798 personarum
858 2717 938 2798 apud
961 2717 1077 2796 Deum,
1111 2713 1165 2778 sed
1198 2717 1283 2796 quid·

360 2801 432 2882 quid
454 2803 618 2884 praecipit,
652 2799 794 2864 omnibus
817 2803 983 2884 praecipit,
1017 2801 1138 2882 magnis
1162 2809 1194 2860 et
1216 2821 1283 2880 per-

359 3009 753 3021 ..—-.-·--«-.-.-.-—⁶--.-.-

435 3131 458 3189 ¹t
477 3129 508 3182 In
529 3127 651 3184 editione
670 3129 764 3197 priore
783 3127 827 3181 hie
848 3131 886 3182 ito
905 3131 995 3198 pergit
1015 3125 1162 3184 Lutherus:
1195 3127 1287 3192 „Sunt

362 3210 470 3269 praeter
488 3201 560 3254 hene
580 3205 607 3254 et
626 3201 697 3254 uliae
716 3199 869 3271 quaedum,
896 3203 1057 3268 praesertim
1076 3201 1125 3252 illu
1145 3199 1179 3252 de
1200 3199 1285 3252 meio·

363 3275 444 3326 ritate
464 3281 490 3324 et
512 3272 670 3329 obedientia
690 3290 711 3327 e.
731 3273 830 3325 solitae
851 3272 920 3324 odeo
940 3275 999 3324 sine
1020 3271 1171 3340 theologia,
1191 3275 1222 3324 ut
1241 3287 1286 3324 me

361 3347 491 3399 misereat
509 3346 642 3399 ecelesiae
660 3345 735 3397 illius
755 3353 861 3396 tantum
879 3347 907 3396 in
923 3343 1117 3397 traditionibus
1137 3345 1285 3397 hominum

361 3425 526 3484 occupatae,
556 3424 587 3469 ut
605 3418 785 3486 purissimum
812 3411 924 3469 senium
944 3417 1080 3484 evangelii
1111 3414 1205 3469 videre
1228 3431 1284 3468 non

360 3490 543 3556 permittatur.
570 3488 622 3542 Sed
641 3489 768 3542 abstineo
789 3489 843 3542 hoe
861 3495 986 3556 tempore
1007 3495 1051 3544 ent
1068 3488 1174 3542 hebens
1194 3497 1286 3540 osten·

361 3559 443 3627 disse,
463 3577 511 3615 cur
529 3577 582 3630 ego
602 3577 646 3614 me
665 3562 833 3613 sufficienter
845 3559 1000 3624 honorasse
1015 3560 1107 3612 videar
1125 3561 1284 3615 Romanum

362 3629 537 3703 Pontificem,¹
551 3635 574 3689 si
594 3634 652 3687 eiua
673 3629 783 3684 decreta
805 3631 902 3696 tulero,
923 3647 978 3684 non
1000 3623 1090 3684 a'utern
1112 3649 1209 3684 eorum
1226 3647 1285 3684 sen·

361 3720 421 3755 sum
444 3710 574 3772 tunquam
595 3703 685 3756 solum
706 3713 733 3756 et
753 3721 846 3756 verum
868 3710 978 3756 secutus
998 3705 1086 3766 suero,
1106 3721 1141 3756 ne
1161 3707 1243 3772 torte,
1263 3703 1287 3754 si

362 3773 486 3842 pluribus
520 3791 553 3827 ea
586 3777 760 3839 examinem,
791 3775 934 3828 existimer
966 3775 1056 3828 studio
1091 3776 1285 3828 delectationis

362 3849 428 3900 tanti
456 3848 565 3898 uerticis
593 3846 666 3897 dieta
691 3849 837 3915 carpsisse.
881 3847 951 3900 Nolo
980 3863 1013 3900 ea
1041 3845 1188 3915 damnare,
1218 3847 1285 3899 nolu

361 3921 443 3972 etiam
464 3920 503 3969 sis
523 3918 586 3984 cogi
605 3924 702 3969 eontra
721 3918 877 3986 Scripturas
896 3918 1069 3971 veritatem.“
1096 3949 1129 3958 -
1168 3919 1287 3986 Reliqua

361 4001 437 4056 quas
457 3993 610 4056 sequnntur
627 4002 716 4055 usqne
743 3990 779 4041 ad
797 3989 860 4041 ttts:
899 3989 944 4040 nd
970 3991 1129 4056 tertium,
1158 3991 1195 4044 ad
1227 4005 1286 4041 ra·

362 4062 491 4127 tiones,
510 4063 576 4111 sant
595 4055 691 4111 addita
707 4062 736 4112 in
754 4061 877 4114 editione
892 4059 1069 4130 loeuplssata.
1132 4081 1146 4106 ··
