3075 4775
478 558 538 611 suis
559 557 666 633 Lipsiae
686 554 833 625 disputatis
859 573 884 609 a.
904 556 976 612 alx,
1123 553 1197 621 237¹
1280 552 1285 568 '

267 745 404 827 confugit
425 745 464 806 ad
488 744 650 807 concilium
674 744 929 822 constantiense,
950 743 1044 825 plena
1064 742 1187 824 llducia,

267 828 347 908 quod
370 837 454 890 esset
481 829 554 909 illic
571 827 805 889 determinatum
828 829 1031 907 contrarium,
1061 836 1092 888 et
1119 848 1186 890 sen·

266 914 362 973 tentia
383 930 453 973 mea
474 913 555 973 inter
575 912 719 972 articulos
736 911 817 971 Huss
839 917 871 970 et
880 910 1015 971 Vuicleff
1030 910 1186 989 damnata.

266 994 322 1055 Hic
343 1002 427 1057 totus
447 998 626 1057 immoratus
647 993 828 1070 anhelabat,
865 1012 926 1071 quo
958 1000 1080 1073 poterat
1101 994 1186 1057 odio·

267 1079 328 1138 sius
350 1097 476 1140 movere
497 1077 665 1156 iuvidiam,
689 1078 760 1157 quia
781 1074 863 1137 aliud
885 1095 948 1135 non
970 1076 1091 1155 babuit,
1124 1097 1185 1157 quo

266 1180 322 1223 suo
343 1161 496 1227 fermento
518 1162 658 1243 palparet
680 1158 832 1223 blandius.
874 1158 933 1221 Ubi
965 1161 1046 1219 enirn
1075 1160 1187 1221 defecit

266 1246 295 1305 in
316 1246 383 1305 iure
405 1243 526 1322 divino,
549 1246 682 1306 cucurrit
702 1243 742 1303 ad
763 1245 811 1303 ius
833 1241 1020 1322 humanum,
1043 1243 1187 1324 probatu·

266 1348 315 1388 rus
336 1346 393 1408 per
414 1330 513 1408 ipsum
536 1329 582 1388 ius
605 1327 759 1411 (livinum,
781 1344 882 1404 neque
904 1326 950 1387 sio
971 1333 1073 1386 tamen
1096 1326 1186 1387 rideri

266 1412 413 1491 oportuit,
437 1429 515 1490 quae
538 1417 639 1488 tantus
663 1409 828 1489 theologus
850 1416 992 1469 tentaret.

349 1494 406 1555 Cui
429 1514 488 1575 ego
509 1495 570 1555 duo
594 1494 725 1555 concilia
746 1493 920 1571 antiquiora
952 1499 983 1551 et
1005 1490 1187 1571 celebriora,

265 1577 416 1639 Nicenum
455 1584 486 1638 et
517 1576 716 1653 Africanum,
759 1582 868 1637 contra
909 1595 1001 1635 unum
1046 1576 1187 1655 opposui,

268 1660 382 1721 deinde
404 1668 436 1721 et
457 1662 556 1741 ipsum
580 1659 820 1720 Constantiense
840 1678 903 1718 non
925 1668 1011 1719 recte
1032 1659 1126 1718 luisse
1148 1657 1187 1719 ab

269 1745 338 1825 ipso
362 1750 394 1803 et
415 1743 565 1804 fermento
587 1743 742 1823 nequitiae
777 1742 842 1821 (cui
866 1749 928 1800 tum
950 1739 1120 1824 serviebat)
1144 1742 1188 1801 in·

266 1826 431 1887 tellectum.
473 1826 622 1893 Nicenum
645 1827 726 1885 enini
749 1824 913 1884 concilium
941 1822 1098 1900 decrevit,
1128 1824 1188 1885 Ro·

266 1929 388 1969 manum
429 1909 604 1989 pontificem
635 1908 748 1970 debere
771 1926 874 1967 curam
902 1906 1018 1984 babere
1041 1907 1186 1967 ecclesia

267 2013 331 2053 rum
366 1992 626 2067 suburbanarum,
666 1993 744 2052 sicut
771 1989 1013 2050 Alexandrinum
1043 1992 1188 2070 Aegypti,

266 2075 377 2137 deiude
407 2077 588 2156 episcopos,
617 2094 694 2153 uon,
723 2082 755 2133 ut
778 2073 886 2149 modo,
918 2093 957 2133 ex
979 2073 1054 2134 urbe
1075 2074 1186 2153 emptis

267 2159 367 2240 palliis
390 2167 421 2220 et
441 2166 611 2240 potestate,
634 2157 688 2218 sed
712 2177 768 2237 per
778 2157 896 2216 vicinos
918 2158 1083 2236 episcopos
1108 2156 1188 2217 ordi·

267 2243 385 2303 n'andos
409 2262 490 2322 esse,
512 2250 544 2303 ut
566 2241 618 2303 lib.
641 2240 790 2301 Ecclesia.
821 2240 927 2299 histor.
959 2244 1004 2306 lo.
1038 2239 1187 2301 scribitur.

266 2322 417 2388 Hic’vero
442 2325 578 2407 anguilla·
612 2325 672 2385 ista
699 2323 817 2404 aicbat,
836 2322 913 2382 ·Hoo
935 2330 967 2383 nt
988 2322 1093 2402 fieret,
1120 2342 1187 2405 per-

165 2437 166 2444 *
266 2412 391 2470 missum
415 2429 482 2470 esse
505 2409 624 2470 altum.
648 2406 855 2484 Pontificibus,
878 2406 996 2488 fingens
1021 2408 1185 2489 (utsolet)

267 2511 305 2552 ex
327 2496 429 2572 capite
453 2495 579 2573 proprio
601 2492 722 2572 glossas
745 2509 853 2567 novas,
876 2492 963 2568 quasi
985 2510 1048 2550 non
1071 2492 1187 2570 impiis·
1223 2527 1232 2541 ,

266 2577 341 2637 sime
366 2584 397 2636 et
417 2577 656 2636 baereticissime
689 2574 834 2633 fecissent
867 2580 929 2633 tam
952 2574 1082 2634 Romani
1106 2573 1184 2634 Pou-

266 2659 381 2737 tificcs,
405 2677 495 2738 quam
517 2659 666 2719 Nicenum
690 2656 868 2732 concilium,
892 2658 917 2716 si
942 2657 989 2717 vel
1013 2664 1185 2717 statuerent

265 2743 313 2802 vel
335 2743 561 2822 permitterent,
600 2741 682 2820 quod
715 2746 799 2800 esset
828 2739 1008 2800 contraius
1039 2740 1185 2800 divinum.

264 2825 341 2885 Nam
366 2827 391 2886 si
413 2832 460 2885 est
481 2826 528 2885 ius
551 2825 703 2898 divinum,
726 2823 899 2883 Romanum
921 2822 1098 2901 pontificem
1121 2843 1187 2882 om·

265 2910 315 2968 uia
338 2910 369 2968 in
393 2908 534 2969 omuibus
557 2908 696 2968 ecclesiis
715 2925 819 2985 posse,
843 2925 904 2966 non
927 2908 1024 2967 estin
1047 2908 1112 2967 eius
1134 2926 1189 2986 po·

264 2998 378 3052 testate
401 2992 597 3070 permittere,
628 2992 812 3051 contrarium
844 2990 891 3049 vel
908 3009 980 3057 ,una
1009 2990 1085 3051 bora
1112 2988 1187 3066 fleri,

264 3094 323 3152 nec
346 3076 377 3134 in
402 3073 533 3135 Consilii
562 3081 717 3154 potestate
744 3075 946 3149 contrarium,
981 3080 1034 3132 aut
1060 3073 1099 3132 de
1129 3073 1187 3133 Ro-

265 3178 359 3218 mano
384 3156 545 3237 pontifice,
568 3166 601 3216 ut
611 3157 755 3217 inferiore
777 3175 846 3232 suo,
868 3155 1043 3235 disponere,
1065 3163 1118 3215 aut
1143 3156 1187 3216 di·

264 3261 398 3319 versum,
420 3248 473 3301 aut
494 3238 576 3300 aliud
594 3247 743 3315 statuere,
767 3260 830 3300 non
853 3239 950 3318 magis
973 3244 1073 3314 certe,
1096 3257 1186 3317 quam

264 3327 292 3384 in
316 3329 472 3404 potestate
494 3325 559 3384 eius
581 3325 630 3404 sit,
654 3325 830 3403 permittere
852 3330 905 3382 aut
927 3328 1060 3380 statuere
1083 3330 1188 3401 stupra

230 3401 295 3468 'et
323 3406 473 3467 adulteria
502 3407 603 3468 licere.
645 3408 691 3467 lla
712 3406 821 3484 fiebat,
855 3412 889 3463 ut
916 3403 1008 3461 miser
1029 3403 1188 3465 Romanae
1214 3458 1220 3478 ,

263 3491 426 3571 potcstatis
456 3498 538 3551 tutor
565 3497 597 3550 et
623 3499 768 3570 patronus
795 3490 957 3569 primatum
991 3486 1072 3545 huno
1109 3489 1186 3548 tueri
1272 3552 1278 3568 ,

262 3591 326 3638 nou
351 3581 475 3654 posset,
503 3575 559 3634 uisi
589 3573 817 3654 blasphemaret
851 3576 914 3627 tum
947 3570 1185 3630 sacratissimum

262 3657 413 3716 Nicenum
435 3657 613 3734 concilium,
636 3664 699 3717 tum
721 3657 808 3735 ipsos
829 3650 1008 3731 pontifices,
1035 3652 1106 3714 dum
1130 3673 1186 3714 eos

263 3741 397 3800 solvisse
426 3741 472 3800 ius
494 3739 628 3800 divinum
651 3738 791 3799 asseruit.
820 3733 900 3808 Quid
930 3740 978 3795 est
999 3736 1186 3796 haereticum

262 3831 295 3884 et
317 3823 558 3902 blasphemum,
577 3825 602 3882 si
625 3823 702 3881 haec
723 3819 860 3878 blociano
882 3817 1033 3880 modestia
1055 3838 1117 3879 non
1140 3828 1188 3879 est

261 3905 400 3966 haeresis
432 3913 462 3965 et
485 3904 699 3985 blasphemia?
733 3900 794 3962 Sed
817 3902 862 3961 sic
890 3901 973 3981 loqui
995 3900 1107 3978 debet,
1135 3905 1186 3980 qui

262 3990 408 4069 loquitur,
431 3997 465 4049 ut
486 3986 814 4066 hominibus‘placeat.

323 4073 393 4132 Jam
407 4091 475 4132 cum
492 4069 655 4168 concilium
673 4069 862 4143 Africanum,
874 4075 906 4125 ut
917 4063 1047 4127 babetur
1059 4065 1128 4126 dist.
1137 4069 1187 4129 99.

949 4156 977 4260 l
