3075 4775
336 506 403 579 312
566 507 662 607 Batoi.
679 506 709 564 Ι.
727 522 813 577 uper
829 458 1023 575 more

421 693 538 757 Verum
560 701 596 759 nt
621 696 802 777 opinionem
823 694 1012 757 eontrarium
1034 694 1157 775 penitus
1178 693 1266 774 iugn·
1379 718 1380 783 ᾗ

339 778 453 856 lemos,
488 797 564 859 nge,
596 780 707 841 siista
726 778 834 841 verbe:
872 776 942 839 'l'ibi
969 776 1051 839 dabo
1074 776 1181 839 olaves
1202 782 1264 839 eto.
1379 790 1380 817 ¹

339 860 380 921 ed
401 860 524 923 Petmm
546 868 579 923 et
600 881 813 924 onoeessorem
842 862 908 922 eins
929 862 1099 942 pertinent,
1133 878 1266 921 neeesse

341 946 409 1022 erit,
425 952 461 1005 nt
480 952 514 1005 et
534 946 755 1027 praeeedentie
777 952 809 1007 et
830 945 1002 1025 sequentia,
1024 964 1062 1007 ae
1087 945 1118 1003 vi
1140 950 1265 1004 sentem-
1379 992 1380 1019 ,

266 1042 272 1051 ·
339 1028 403 1091 tiae
423 1027 632 1106 oobeerentia,
652 1029 692 1091 ad
713 1029 841 1091 eosdem
862 1029 1044 1109 pertineant.
1087 1026 1159 1087 Nou
1182 1028 1266 1087 enim
1379 1088 1380 1111 ,

339 1112 373 1175 in
394 1112 491 1173 saeris
512 1112 668 1193 evangelii
689 1113 791 1174 verbis
813 1111 995 1173 admittendi
1017 1118 1105 1188 sunt,
1133 1112 1185 1189 qui
1207 1128 1265 1190 pro
1379 1136 1380 1171 1

341 1192 467 1256 arbitrio
483 1214 593 1257 sensus
608 1196 656 1255 sni
671 1203 790 1277 partem
802 1196 874 1271 huo,
896 1202 1013 1277 partem
1032 1194 1106 1255 illue
1119 1199 1268 1273 torquent

342 1279 518 1358 etrapiunt
540 1278 595 1339 sed
618 1298 658 1339 ex
671 1280 896 1359 consequentia
917 1298 1026 1339 sensus
1048 1285 1080 1339 et
1100 1276 1266 1339 verborum

341 1366 375 1421 et
389 1380 430 1421 ex
451 1362 688 1423 circumstantiis
699 1360 905 1443 intelligentia
916 1360 1078 1423 referenda
1099 1368 1157 1437 est,
1180 1360 1268 1419 iuxta

341 1444 451 1505 Hilarii
471 1438 700 1507 documentum.

424 1526 502 1587 Gom
528 1528 633 1606 itaque
654 1528 794 1591 Christus
830 1528 936 1589 elavos
972 1528 1105 1589 noluerit
1132 1524 1265 1599 tradere,

341 1610 401 1671 nisi
421 1610 506 1689 prius
528 1610 672 1672 omnibus
694 1612 853 1691 discipulis
872 1611 911 1672 de
927 1612 974 1673 sui
995 1610 1194 1671 oonfesaione
1213 1626 1265 1668 ex-

341 1692 488 1772 ploratis,
518 1691 630 1753 deinde
651 1713 716 1755 non
740 1696 799 1757 nisi
816 1702 947 1775 eeoepto
971 1702 1010 1755 et.
1022 1692 1197 1773 approbato
1219 1711 1267 1751 re·

345 1794 462 1855 sponso
477 1776 569 1854 Petri,
590 1797 631 1837 ex
644 1778 836 1839 revelatione
846 1778 943 1839 Patris
961 1776 1127 1856 loquentis,
1149 1774 1266 1835 olorum

344 1866 403 1935 est,
425 1858 530 1919 eleves
553 1878 617 1921 non
639 1880 718 1939 esse,
741 1863 799 1923 nisi
821 1863 897 1939 eius,
921 1861 972 1940 qui
994 1860 1064 1921 talis
1086 1865 1143 1936 est,
1165 1858 1267 1937 qualis

343 1950 418 2003 tune
437 1939 549 2003 Petrus
572 1944 637 2005 luit.
681 1943 751 2019 Quo
773 1942 1142 2023 sequiturebsnrdissima
1162 1940 1267 2002 ebenr-

249 2070 255 2081 Ι
342 2024 437 2101 ditas,
465 2025 549 2104 quod
579 2026 678 2095 melus
706 2047 790 2107 papa
822 2026 871 2087 vel
900 2028 1064 2106 episeopus
1091 2044 1154 2085 non
1183 2030 1268 2085 esset

345 2126 428 2188 papa
448 2127 508 2169 nee
528 2110 711 2190 episeopus,
733 2112 804 2191 qnia
826 2129 890 2171 non
911 2110 1040 2171 haberet
1061 2107 1165 2185 fidem,
1187 2126 1268 2187 quae
1379 2178 1380 2183 η

345 2191 504 2251 eonstituit
525 2199 721 2272 aoeeptorem
744 2193 887 2255 clavium.

405 2272 527 2335 Deinde
542 2277 689 2355 seqnitur,
711 2284 819 2339 eontra
826 2282 943 2337 textum
958 2279 991 2337 et
1004 2294 1127 2335 sensnm
1151 2292 1270 2351 eorum,

343 2355 428 2436 quod
448 2375 509 2419 neo
520 2357 628 2420 Petrus
642 2360 747 2421 eleves
760 2360 917 2440 aeoeperit
931 2366 984 2420 aut
999 2358 1166 2420 retinuerit
1188 2354 1270 2432 onia

344 2437 481 2502 Christus
503 2440 594 2519 dioit,
626 2443 708 2522 quod
738 2450 848 2524 portae
868 2443 957 2506 inferi
977 2463 1043 2502 non
1066 2441 1269 2521 praevaleant

343 2521 491 2585 adversus
513 2525 564 2586 vel
586 2527 749 2587 eoelesiam
771 2527 821 2588 vel
842 2525 946 2604 fidem,
969 2545 1061 2605 quarn
1076 2533 1149 2586 tuno
1157 2524 1268 2584 Petrus

342 2608 449 2667 tennit.
493 2607 535 2668 At
555 2615 664 2670 eontra
685 2610 809 2671 Petrum
837 2609 1010 2690 praevaluit
1038 2609 1132 2670 otiam
1152 2606 1268 2668 aneilla

342 2690 477 2751 nenena.
520 2689 552 2752 Si
575 2692 679 2772 itaque
701 2693 823 2754 illorum
845 2693 999 2754 sententie
1022 2695 1132 2770 steret,
1162 2709 1268 2752 neees-

345 2774 428 2834 saria
449 2774 577 2836 omnino
605 2778 734 2855 sequela
771 2783 930 2856 aequetur:
963 2775 1026 2836 Aut
1045 2775 1208 2836 Romanos
1237 2783 1269 2834 et

344 2874 453 2916 omnes
474 2856 638 2936 pontifices
661 2865 806 2940 oportere
829 2879 898 2922 esse
921 2864 1063 2935 sanotos,
1098 2863 1132 2919 et
1151 2857 1267 2926 habere

342 2938 440 3000 Petris
456 2940 689 3020 revelationem,
711 2962 771 3004 neo
793 2961 862 3006 esso
878 2961 1002 3004 onmem
1026 2948 1057 3002 st
1072 2941 1268 3020 sanguinem,

344 3030 398 3084 ent
419 3042 475 3084 eos
497 3042 559 3084 non
581 3043 652 3086 esse
672 3025 828 3106 pontiden
850 3045 909 3087 neo
930 3024 1044 3086 habere
1067 3024 1181 3088 olavea.
1200 3022 1267 3084 Neo

343 3105 452 3184 video,
480 3105 554 3186 quid
576 3114 684 3169 eontra
705 3109 784 3170 haee
808 3109 867 3170 diei
886 3109 1003 3188 possit,
1027 3126 1095 3168 oum
1118 3113 1181 3168 stet
1203 3113 1265 3169 tom

343 3188 446 3248 olenus
470 3196 585 3268 textus,
607 3191 690 3270 qnod
713 3191 817 3253 eleves
846 3198 917 3252 sunt
938 3191 1030 3252 datae
1058 3190 1204 3250 nonnisi
1229 3189 1266 3266 ei,

342 3271 394 3350 qui
414 3290 538 3334 earnem
559 3280 592 3334 et
619 3277 802 3356 sanguinem
838 3295 900 3339 non
926 3273 1027 3350 audit,
1064 3272 1120 3337 sed
1142 3273 1266 3335 Patrem

342 3353 526 3434 eoelestem,
559 3356 703 3435 honest,
741 3366 882 3420 sanetum
904 3364 936 3418 et
956 3358 1069 3419 iustum
1091 3357 1123 3416 iu
1146 3357 1265 3436 spiritu.

344 3437 491 3516 Alioquin
513 3440 614 3501 omnis
636 3443 777 3522 pontifex
799 3449 847 3504 est
868 3448 1010 3518 satanas,
1043 3458 1106 3501 non
1138 3440 1265 3520 sapiens

343 3521 430 3600 qnee‘
446 3520 503 3582 Dei
526 3530 605 3584 suut.

426 3603 476 3680 At,
497 3606 523 3665 si
544 3605 606 3668 hoo
626 3607 765 3686 dicimus,
787 3609 848 3670 iam
865 3607 1090 3672 haeretieorum
1112 3625 1264 3668 novorum

343 3695 375 3748 et
405 3688 602 3767 antiquorum
633 3691 865 3753 Donatistarum
899 3709 1034 3752 errorem
1066 3707 1265 3764 renovamus,

342 3771 395 3850 qui
420 3770 535 3831 melum
558 3774 738 3854 episeopum
762 3793 919 3836 nonense
942 3775 1128 3854 episeopum
1146 3789 1264 3834 assern-

344 3859 442 3928 erunt,
465 3853 547 3930 quod
570 3853 650 3917 obsit
669 3875 691 3919 a
711 3857 811 3934 nobis,
834 3858 886 3936 qni
901 3863 1030 3921 sanotae
1053 3856 1196 3918 etiuatae
1218 3874 1264 3917 eo

344 3934 458 3995 nlesiee
480 3936 651 3995 ministrum
662 3939 789 4018 impium
811 3945 842 4000 et
862 3939 977 4000 malum
990 3958 1060 4000 esse
1077 3955 1173 4018 posse
1195 3955 1263 3999 oon·

344 4015 475 4078 litemur.
517 4014 620 4095 nant,
642 4017 714 4080 dnm
724 4040 781 4100 per
801 4021 881 4084 haeo
901 4021 997 4089 verbe
1014 4021 1128 4088 ¹volunt
1143 4039 1189 4088 ¹snt
1206 4020 1265 4086 no·
