3075 4775
475 573 477 576 ’
539 578 934 657 desSacrnmentotnptisrni.
1127 584 1198 667 ,403

264 783 327 837 cur.
365 774 411 835 ‚Hi
428 794 472 838 eo
484 793 593 853 usque
613 773 868 855 progrediuntur,
896 780 931 842 ut
952 781 984 835 et
999 774 1104 854 „plone
1116 792 1198 842 con·

273 865 413 918 temnant
433 865 464 918 et
485 856 867 938 negligantiteptitmum,
894 857 1024 936 perinde
1051 866 1144 937 etque
1172 860 1198 927 si

271 941 375 1003 uultus
393 939 634 1021 utiushsptismi
647 960 728 1009 suus
746 947 843 1017 esset,
865 959 956 1019 quam
978 959 1095 1020 ‘'corpus
1116 958 1197 1021 sque

272 1024 424 1105 perfundi.
445 1024 595 1088 Nesciunt
606 1024 700 1100 enim,
720 1022 805 1102 quod
828 1022 942 1091 debeat
955 1043 1025 1093 esse
1037 1024 1101 1094 eius
1116 1044 1197 1097 ,nsua

272 1127 328 1191 per
354 1114 451 1170 totam
482 1108 577 1192 vitum
599 1108 630 1167 in
653 1113 784 1167 mortem
805 1124 919 1186 nsque,
953 1108 1015 1168 imo
1038 1106 1196 1186 usquead

272 1190 473 1254 novissimum
496 1209 619 1270 quoque
643 1188 735 1269 diem,
758 1191 951 1271 sicutsupra
973 1190 1145 1261 docuimus.

340 1272 484 1336 ,sortisti
504 1275 597 1354 igitur
618 1272 702 1338 ‚atiud
725 1279 891 1352 quaerunt,
921 1291 981 1351 qun
1003 1292 1060 1353 pro
1087 1290 1196 1352 peccu-

271 1358 310 1417 tis
331 1357 535 1435 suaserant,
563 1374 659 1437 opera
680 1356 811 1435 scilicet,
838 1376 951 1440 ,verum
974 1374 1085 1417 cares
1108 1356 1195 1426 rnirs-

271 1438 381 1501 bititer
395 1442 597 1501 conscientias
622 1440 838 1502 excruciatae
861 1445 968 1519 terret,
991 1439 1195 1517 nequeenim

271 1542 405 1603 unquam
428 1531 512 1586 certa
536 1542 605 1586 esse
627 1529 732 1603 potest
752 1523 965 1601 conscientie,
995 1540 1074 1601 quae
1096 1521 1196 1601 operi·

271 1606 328 1667 hus
348 1607 474 1684 nititur,
503 1608 534 1665 in
553 1607 664 1668 ,mortis
686 1613 789 1666 cutem
812 1606 948 1685 periculo
971 1606 1064 1667 etiem
1087 1604 1195 1689 despe-

272 1696 338 1769 rat,
371 1708 476 1768 neque
498 1690 600 1768 novit,
637 1690 779 1767 quaesit
802 1690 858 1749 Dei
889 1708 962 1769 erga
978 1708 1019 1757 ,se
1041 1688 1194 1758 voluntas.

271 1772 425 1843 Siccnim
459 1774 594 1835 sentiunt
619 1779 681 1832 tum
705 1772 845 1838 homines
878 1772 942 1849 illi,
976 1773 1087 1837 frustra
1125 1790 1195 1842 esse

272 1856 473 1936 baptismum,
502 1875 603 1934 neque
632 1855 725 1921 ultum
750 1855 815 1921 eius
838 1854 969 1933 amplius
993 1852 1200 1935 proptered·

272 1940 367 2001 missa
389 1949 518 2018 peccata
540 1957 609 1998 esse
631 1957 729 2000 usum.
813 1965 816 1977 π

288 2051 290 2057 v
356 2022 469 2084 Verum
504 2021 565 2087 hoc
593 2022 692 2100 ipsum
725 2038 844 2087 summe
879 2020 981 2081 caveri
1019 2018 1193 2100 oportebat.

268 2104 323 2166 Sic
348 2105 430 2167 enim
449 2124 551 2184 ‚supra
572 2105 759 2181 monuimus,
793 2110 824 2163 ut
858 2121 947 2181 quom
971 2103 1100 2182 primurn
1124 2103 1192 2181 quis

269 2194 432 2268 peccatum
455 2189 680 2265 sentit„ststim
704 2186 742 2247 ad
766 2186 962 2267 baptismum,
984 2184 1102 2257 cenad
1124 2202 1193 2265 asy-

261 2272 344 2348 rum,
365 2278 561 2335 recuruatae
582 2270 750 2349 confugiat,
773 2275 804 2329 et
825 2268 1003 2333 recordetur
1015 2268 1109 2329 divini
1131 2267 1195 2331 foe-

269 2353 370 2434 deris,
383 2372 454 2434 .qu0
476 2349 514 2416 sel
533 2354 697 2419 obstrinxit
716 2353 800 2416 Deus
823 2352 1067 2415 condonaturum
1091 2352 1196 2424 omnin

268 2449 411 2537 peceato,
432 2439 457 2580 pi
480 2438 573 2503 ruodo
596 2445 626 2502 tu
651 2457 720 2498 cum
742 2438 787 2498 eis
806 2437 986 2516 depugnare
1006 2437 1038 2497 in
1064 2441 1194 2506 mortem

271 2541 369 2602 nsque
392 2541 430 2582 vc
442 2541 479 2588 rs.

353 2623 388 2682 ln
422 2623 502 2684 hanc
537 2621 773 2701 promissionem
808 2617 963 2699 defigendi
992 2624 1063 2679 sunt
1102 2616 1193 2697 oculi,

204 2756 207 2760 .
270 2707 342 2766 hnic
364 2712 430 2766 tuto
454 2713 502 2765 est
527 2703 730 2767 innitendum.
776 2702 876 2782 Atque
904 2701 954 2760 hic
975 2721 1066 2762 verus
1090 2706 1145 2760 est
1159 2717 1197 2760 ec

270 2787 576 2869 proprius'bsptismi
606 2805 694 2863 usus,
734 2794 765 2846 et
796 2785 856 2845 hoc
884 2785 977 2846 modo
1009 2790 1141 2859 pacatur·
1166 2789 1218 2844 et

270 2870 470 2932 confirmetur
490 2890 553 2949 cor,
576 2889 638 2930 non
660 2868 763 2949 aliqua
785 2868 996 2930 satisfactione
1017 2874 1070 2926 eut
1091 2866 1194 2945 aliquo

269 2962 378 3016 nostm
400 2973 512 3034 opere,
543 2953 598 3014 sed
621 2951 832 3015 misericordia
853 2952 933 3030 Dei,
957 2969 1047 3030 quem
1069 2951 1101 3009 in
1123 2948 1196 3028 bap-

269 3040 362 3099 tiemo
386 3036 469 3098 Deus
491 3037 639 3117 promisit.

818 3113 837 3134 s

353 3155 451 3216 Porro
475 3154 553 3215 adeo
576 3160 756 3214 constanter
777 3151 938 3213 retinenda
959 3151 1037 3211 haec
1065 3147 1142 3210 fides
1164 3149 1195 3214 iri

272 3240 376 3300 animo
400 3245 462 3317 est,
485 3246 534 3315 ut,
556 3237 678 3299 etiamsi
700 3255 808 3296 ornnes
832 3241 999 3312 creaturae,
1023 3233 1197 3316 omnisge·

271 3323 353 3382 neris
376 3328 506 3402 peccata
527 3329 558 3380 te
586 3319 733 3401 obruant,
768 3325 799 3379 tu
823 3326 924 3378 tomen
951 3315 1073 3377 firmiter
1103 3317 1135 3377 in·
1157 3334 1196 3377 ea

271 3406 411 3482 haereas,
433 3405 484 3484 qui
506 3404 586 3463 enim
610 3402 648 3463 ab
669 3402 723 3463 illa
745 3401 806 3462 fide
828 3400 969 3478 discedit,
992 3399 1091 3460 Deum
1115 3419 1197 3458 nten-

273 3488 381 3549 dacem
399 3508 468 3548 esse
490 3487 591 3565 sentit,
615 3505 716 3565 neque
737 3491 912 3545 servantem
935 3482 1088 3560 foedatio,
1113 3480 1196 3562 quod

273 3573 305 3633 in
328 3571 482 3652 baptismo
505 3570 666 3631 nobiscum
688 3569 797 3628 iunxit.

356 3690 471 3766 Quinto
495 3688 627 3764 decimo,
648 3686 740 3747 fidem
763 3691 866 3749 autern
882 3683 1075 3763 potissimum
1097 3685 1197 3742 tentat

273 3781 304 3836 et
326 3773 473 3835 sollicitat
494 3771 605 3846 Satan,
635 3789 726 3849 quam
756 3767 807 3828 ubi
829 3767 958 3845 evertit,
980 3771 1050 3836 tum
1082 3770 1195 3839 certam

267 3857 366 3921 tutet
386 3855 548 3917 victoriam
579 3854 611 3914 in
640 3851 790 3915 manibus.
823 3849 901 3912 Nam
932 3855 964 3910 et
985 3845 1196 3929 poenitentioe

276 3940 333 4018 (de
355 3958 415 4019 qua
437 3957 529 4018 supra
551 3934 687 4018 egimus)
709 3954 765 3994 ceu
780 3932 1011 3994 fundumentum
1027 3929 1195 4010 baptismus

273 4030 329 4087 est.
371 4022 452 4083 Solis
481 4022 562 4081 enim
584 4018 645 4078 illis
666 4019 861 4080 remittuntur
883 4021 1025 4096 peccota,
1053 4011 1197 4089 quisunt

272 4107 437 4186 baptisati,
464 4104 527 4165 hoc
548 4109 611 4180 est,
638 4101 748 4181 quibus
775 4098 1021 4245 prontisit26Iqus
1036 4092 1196 4164 ‚remissio-
