3075 4775
578 529 615 586 ds
632 533 764 598 pusione
782 528 892 592 Christi.
907 575 918 588 ..
1119 529 1181 594 4ss

343 716 513 798 Principio,
540 716 687 780 deflentes
717 719 828 780 ocutos
849 737 876 782 a
890 720 1037 800 passione
1060 718 1183 796 Christi,

262 820 333 861 nam
356 798 441 860 illa
432 818 493 861 mm
516 819 603 861 snum
626 819 704 881 opus
727 802 859 882 peregit,
882 808 913 862 et
933 821 1123 882 perrumpet,
1146 821 1184 864 ac

260 884 397 944 ssimum
432 882 544 946 Christi
585 883 711 985 plenum
749 885 947 948 humanitatis
980 885 1183 982 introspicies,

260 968 313 1046 qni
343 965 424 1029 adeo
455 974 485 1028 te
506 967 631 1047 amovit,
655 974 688 1028 ut
709 968 931 1030 conscientiam
954 974 986 1028 et
1005 969 1110 1030 omnia
1129 977 1182 1028 tna

261 1057 391 1130 peccota
418 1052 448 1108 in
479 1067 513 1110 se
534 1052 696 1147 receperit
739 1049 850 1131 Capiet
870 1057 972 1112 autom
996 1058 1027 1112 et
1048 1050 1182 1114 delecta

260 1131 306 1194 bit
325 1133 404 1196 hoec
430 1127 584 1214 cogitatio,
609 1134 868 1213 ammonitrum,
904 1132 1184 1200 atoontirmabitur

261 1218 305 1276 its
326 1213 465 1279 fidncia
456 1235 489 1276 ιιι
511 1215 793 1284 Christum..

344 1299 458 1360 Postea
484 1299 545 1360 hoc
570 1318 695 1379 qnoque
716 1300 828 1380 iacies,
867 1309 901 1362 ut
927 1303 956 1360 in
986 1300 1040 1360 illo
1071 1263 1183 1362 Chrish'

264 1402 338 1463 erga
372 1390 403 1443 te
440 1385 545 1444 animo
586 1382 709 1461 videas,
737 1401 891 1463 quaenam
924 1383 1022 1444 Patris
1050 1403 1140 1480 erga·
1137 1393 1183 1444 te

261 1466 301 1526 sit
328 1465 705 1530 voluntas.'1¹nmenim
738 1467 916 1563 apparebit,
954 1485 1017 1528 non
1045 1467 1184 1546 potuisse

262 1548 416 1611 Christum
437 1557 555 1611 tantum
576 1547 791 1611 beneficium·
783 1569 815 1610 ιιι
838 1556 868 1612 te
891 1544 1049 1624 conferre
1072 1550 1097 1610 si
1120 1569 1182 1610 non

262 1638 354 1694 antea
374 1651 395 1692 a
416 1631 505 1692 Patre
527 1634 572 1692 sic
593 1632 700 1696 inisset
723 1631 890 1695 decretum.
933 1632 1011 1694 Nam
1034 1631 1077 1694 ilii
1101 1631 1183 1694 Chri

261 1725 326 1776 stus
347 1716 568 1796 paruit‚.cnm
601 1735 657 1796 pro
692 1724 721 1776 te
754 1725 802 1776 est
835 1735 956 1797 passus.
1001 1717 1102 1796 Atque
1125 1717 1184 1778 hoc

262 1797 356 1861 modo
378 1817 486 1860 cernes
508 1798 634 1880 plenum
662 1798 853 1860 humanitate
881 1799 938 1860 Dei
966 1801 1119 1877 animum,
1154 1808 1186 1858 et

262 1902 318 1962 per
337 1880 491 1942 Christum
515 1882 560 1942 sic
581 1882 709 1944 traheris
733 1882 772 1942 ad
795 1883 933 1957 Patrem,
958 1889 989 1942 ut
1012 1882 1185 1962 intelligere

262 1964 336 2026 iliud
360 1964 472 2026 Christi
493 1965 610 2044 possis:
646 1965 697 2028 Sic
717 1966 801 2026 Deus
830 1963 937 2026 dilexit
959 1966 1122 2043 mundum,
1153 1973 1185 2026 ut

262 2047 356 2110 fllium
379 2067 467 2109 suum
490 2050 680 2130 unigenitum
702 2047 806 2125 daret,
835 2056 867 2109 ut
891 2050 990 2130 omnis
1013 2049 1065 2128 qui
1088 2046 1186 2126 credit

262 2133 293 2191 in
316 2151 401 2209 enm,
419 2149 481 2191 non
498 2139 615 2211 pereat,
638 2131 692 2192 sed
707 2131 821 2193 habeat
842 2133 934 2192 vitam
948 2139 1106 2194 aeternam
1126 2139 1184 2194 etc.

262 2213 303 2275 m
333 2213 394 2276 hoc
415 2221 463 2274 est
498 2234 572 2278 aere
604 2215 702 2276 Deum
733 2234 942 2294 cognoscere,
976 2214 1099 2294 quando
1123 2233 1184 2275 non

262 2297 452 2361 maiestatem
473 2306 526 2360 ant
540 2299 722 2378 sapientiam
739 2296 869 2382 (quibus
888 2307 1037 2362 terrentur
1058 2297 1183 2378 animi)

262 2379 317 2443 sed
341 2379 570 2446 bonitatemt
539 2389 570 2443 st
596 2400 735 2444 amorem
762 2381 1077 2464 apprehendimus,
1070 2403 1101 2443 ιιι
1124 2382 1186 2461 qui·

263 2465 319 2525 hus
341 2466 511 2527 consistere
533 2471 648 2545 potest
665 2464 792 2542 fiducia,
825 2485 887 2544 qun
917 2466 1011 2527 homo
1042 2466 1163 2544 plane
1155 2485 1185 2526 ιιι

263 2548 331 2609 Deo
352 2557 557 2629 regeneratur

346 2629 692 2710 Quintodecimo,cun1
717 2632 809 2711 igitur
832 2631 876 2693 sic
898 2630 1095 2691 confirmatus
1118 2598 1186 2691 tuus

263 2715 383 2777 enimus
403 2717 436 2775 in
458 2715 580 2775 Christo
602 2714 707 2791 inerit,
738 2722 770 2775 et
792 2733 898 2775 revera
920 2715 979 2775 iam
1003 2713 1093 2789 odisti
1118 2732 1186 2792 peo-

263 2803 382 2872 oatnm,
415 2816 477 2862 non
500 2816 622 2877 poenae
646 2804 745 2875 metu,
776 2796 830 2859 sed
855 2816 960 2857 amore
983 2816 1057 2877 erga
1079 2796 1187 2873 Deum,

263 2882 324 2945 hoo
350 2888 610 2960 nusquamst,
643 2888 676 2941 nt
709 2882 803 2941 totins
832 2890 902 2941 tuae
928 2881 1010 2941 vitae
1032 2878 1187 2961 gerondas

263 2963 455 3043 exemplum,
477 2964 509 3023 in
532 2964 646 3025 Christi
667 2965 815 3043 passione
837 2965 1039 3044 propositum,
1062 2966 1186 3023 sentias.

263 3047 367 3127 Atque
389 3046 467 3110 haee
488 3044 778 3110 ratio'meditandoe
791 3049 944 3128 passionis
961 3046 1071 3108 Christi
1094 3046 1187 3125 longe

263 3150 283 3191 a
303 3131 462 3211 superiore
492 3129 615 3191 diverso
642 3139 696 3191 est
740 3130 897 3193 Hactenus
931 3131 1011 3191 enim
1044 3130 1089 3191 sin
1118 3148 1186 3189 eam

263 3232 370 3276 snmus
384 3213 521 3275 meditati
544 3222 692 3293 tanquam
705 3213 937 3275 Sacramentum
960 3212 1096 3292 aliquod,
1105 3212 1187 3293 quod

265 3298 295 3358 in
320 3294 410 3359 nobis
432 3296 619 3377 patientibus
641 3304 803 3377 operetur,
826 3298 885 3357 iarn
909 3304 1010 3359 sutem
1033 3297 1077 3357 sic
1096 3295 1188 3357 medi·

264 3379 398 3446 tabimur
426 3398 511 3455 eam,
545 3388 578 3441 ιι
611 3381 670 3460 ipsi
700 3400 881 3461 operemur,
918 3399 1028 3459 nempe
1055 3380 1085 3439 in
1109 3379 1189 3439 hunc

265 3464 402 3525 modum.

351 3545 427 3607 Cum
449 3545 560 3609 'dolore
582 3554 635 3606 aut
657 3546 766 3609 morbo
790 3546 893 3624 aliquo
918 3544 1051 3621 laboras,
1075 3547 1189 3627 cogita,

265 3649 356 3708 quam
382 3629 458 3691 leuis
480 3630 507 3688 is
529 3630 568 3691 sit
589 3630 761 3706 cruciatus,
794 3630 819 3688 si
848 3647 916 3690 oum
939 3627 1051 3692 Christi
1081 3630 1189 3707 spinea

265 3730 383 3773 corona
405 3720 436 3773 st
458 3712 555 3773 clavis
576 3720 781 3791 comparetur.

349 3794 425 3861 Cum
441 3794 543 3855 tacere
564 3801 617 3855 ant
638 3796 781 3857 omittere
811 3791 928 3873 aliquid
950 3800 1074 3869 eontra,
1098 3812 1187 3873 quam

266 3878 380 3957 velles,
409 3879 545 3959 cogeris,
578 3880 696 3959 cogita,
725 3877 877 3937 Christum
909 3878 1043 3947 vinctum
1071 3894 1188 3937 sursum

266 3980 305 4021 ao
326 3960 472 4024 deorsum
494 3962 612 4023 iactari.
658 4004 662 4010 »

349 4042 492 4108 Tentoria
514 4043 674 4127 superbia,
703 4042 790 4122 vide,
819 4062 910 4124 quam
932 4042 1065 4123 indignis
1087 4038 1188 4101 modis
1275 4120 1280 4129 .

296 4163 388 4205 moos
402 4173 454 4214 opp.
470 4164 497 4206 v.
510 4163 537 4205 s.
551 4163 582 4205 m
594 4162 635 4205 ιιι.
650 4161 701 4203 ιιι
716 4162 732 4203 ι
746 4172 768 4212 p.
783 4161 833 4203 voi.
846 4161 886 4201 ιιι.
1007 4138 1047 4204 27
