3075 4775
347 550 409 617 196
542 478 700 621 Disputabo
718 552 827 621 lipsiae
845 552 941 605 habita
957 568 983 607 a.
1002 552 1063 605 Xlll

274 758 276 764 ’
348 740 507 801 telesiam
531 756 692 819 expressim
711 737 848 817 oportuit
864 736 1047 816 confutatas,
1070 744 1102 799 et
1122 736 1210 798 illam
1232 738 1268 798 B.

348 823 511 903 Augustini
533 841 600 902 cap.
622 824 652 886 3.
684 820 723 881 de
755 822 827 901 spir.
863 829 895 881 et
927 821 988 881 lit:
1022 821 1099 882 (lum
1128 822 1271 901 coeperit

348 925 410 967 non
433 906 537 985 latere,
560 905 716 984 quomodo
740 902 908 965 vivendum
928 912 985 982 est,
1011 906 1069 965 nisi
1090 906 1191 985 gretie
1214 904 1271 965 do·

348 996 446 1067 netur,
469 1007 531 1050 non
545 990 717 1068 suscipitur,
739 1006 804 1048 non
824 987 905 1050 bcnc
920 989 1041 1051 vivitur.
1067 986 1170 1047 Vadat
1191 1006 1271 1068 ergo

349 1090 417 1133 cum
431 1090 487 1134 suc
504 1072 606 1133 servili
623 1073 741 1149 timore,
765 1071 894 1151 quinon
915 1078 1067 1151 operatur,
1090 1072 1149 1131 nisi
1163 1070 1272 1131 odium

348 1155 425 1237 legis
448 1162 480 1215 et
499 1156 572 1235 Dei,
601 1164 631 1215 et
658 1174 727 1215 cnm
747 1154 858 1215 iniuria
887 1162 1015 1215 vocatur
1036 1154 1206 1235 disponens
1229 1153 1273 1214 ad

349 1241 490 1319 gratiam.

430 1338 941 1417 invenitetiamaequivocationem
954 1338 1082 1418 gratiae,
1095 1338 1187 1397 aliam
1199 1356 1273 1398 esse

349 1422 528 1501 caritatem,
556 1420 647 1482 aliam
676 1420 806 1499 donum,
836 1438 898 1500 quo
928 1423 1058 1501 primum
1098 1440 1273 1485 movemur.

350 1506 501 1566 Transeat
522 1504 599 1564 haec
620 1499 794 1581 distinctio,
829 1504 903 1564 nihil
926 1502 966 1564 ad
987 1506 1198 1585 propositum,
1222 1514 1274 1565 est

350 1590 447 1649 elusio
469 1587 631 1649 verborum
644 1586 739 1650 Pauli.
764 1586 958 1648 Clarissimus
979 1594 1027 1647 est
1048 1594 1149 1647 textus
1171 1588 1273 1669 Pauli,

350 1673 407 1732 nisi
434 1672 534 1751 gratia
569 1678 599 1731 et
632 1672 740 1730 caritas
778 1670 871 1737 faciat
902 1688 959 1731 nos
992 1670 1121 1751 diligere
1156 1670 1273 1751 legem,

353 1755 404 1815 lex
428 1773 550 1833 semper
571 1754 646 1814 iram
669 1760 822 1833 operatur.
845 1751 913 1814 Hoc
935 1754 1049 1814 donum
1072 1761 1185 1837 sutem,
1209 1773 1274 1834 quo

349 1840 479 1919 primum
508 1855 686 1916 movemur,
725 1856 786 1896 non
809 1836 917 1917 diliget
938 1838 1062 1918 legem,
1084 1836 1137 1897 sed
1157 1839 1273 1898 caritas

351 1923 482 2001 spiritus.
1032 1922 1037 1956 ¹

432 2038 557 2117 Tertio,
592 2039 745 2098 concessit
780 2039 920 2098 timorem
949 2057 1019 2099 esso
1047 2039 1273 2099 infructuosum

352 2124 420 2183 sine
442 2124 589 2198 caritate,
623 2132 654 2181 et
674 2121 735 2185 hoc
756 2122 873 2199 nullum
895 2140 1038 2201 negasse,
1060 2120 1274 2200 Respondeo:

351 2205 413 2266 (lur
433 2224 507 2285 crgo
530 2204 643 2265 docent
665 2205 869 2285 infructuosas
891 2206 1119 2283 poenitentias,
1142 2211 1174 2264 et
1194 2206 1274 2264 resi-

352 2296 436 2349 stunt
457 2287 529 2347 mihi
542 2289 728 2347 fructuosam
746 2287 898 2347 docenti?
922 2288 1075 2369 Relinquo
1098 2286 1179 2347 hanc
1201 2307 1274 2347 esse

352 2373 477 2432 omnino
502 2368 678 2433 subversam
703 2391 772 2430 cum
796 2378 841 2432 tot
862 2372 1018 2451 opusculis
1042 2372 1218 2453 Augustini,
1242 2378 1276 2432 et

353 2457 378 2515 si
401 2455 589 2538 Augustinus
613 2475 675 2515 non
697 2455 833 2531 faceret,
868 2461 915 2514 tot
936 2455 1135 2534 fulminibus,
1165 2462 1273 2516 tamen

354 2559 431 2599 unus
453 2538 564 2599 Paulus
588 2537 762 2615 concludit,
787 2557 882 2619 opera
903 2557 1104 2621 quaecunque
1126 2546 1198 2598 ante
1222 2558 1273 2599 cs·

351 2611 472 2684 riiatem
495 2641 564 2682 esse
585 2628 714 2702 peccota
735 2628 766 2682 et
788 2621 975 2682 damnabilia
1012 2634 1043 2683 ct
1070 2621 1273 2701 indisponen-

353 2708 394 2767 tia
415 2705 454 2766 ad
477 2707 615 2785 gratiam.
645 2703 685 2765 Et
699 2724 761 2786 ¹per
783 2705 861 2765 haec
881 2704 965 2766 dicta
985 2706 1082 2767 ferme
1103 2705 1143 2766 ad
1166 2708 1275 2766 omnia

353 2810 408 2850 suc
436 2789 584 2869 replicata
617 2787 799 2869 responderi
821 2796 933 2868 potest.
975 2789 1046 2869 lpse
1067 2789 1189 2868 quidem
1213 2809 1273 2870 pro

353 2893 438 2934 more
461 2891 517 2933 suo
539 2873 621 2932 dicta
636 2871 811 2952 Scripturas
826 2871 949 2932 divinoe
961 2878 1113 2953 temperat
1126 2871 1165 2932 ad
1189 2871 1276 2932 dicta

261 2969 263 2974 ’
352 2956 494 3035 Petrum,
528 2956 589 3016 imo
613 2955 704 3015 trahit
724 2954 765 3015 ad
786 2954 1021 3036 intelligentiam
1045 2977 1153 3033 suam,
1178 2975 1274 3034 quarn

353 3039 445 3101 habet
466 3042 496 3100 in
511 3038 660 3117 Patribus,
682 3058 750 3098 curn
773 3039 877 3118 potius
891 3045 1000 3098 contra
1022 3042 1137 3120 scripta
1147 3039 1272 3099 Patrum

354 3123 488 3185 debeant
509 3123 650 3200 conferri,
672 3129 703 3181 et
724 3121 850 3182 iudicari
872 3120 916 3181 sd·
934 3121 1016 3191 dicta
1037 3122 1225 3202 Scripturas.

311 3293 318 3315 ,
436 3241 562 3316 Quarto,
584 3258 646 3299 non
670 3238 783 3319 accipit
795 3240 878 3319 quod
900 3243 1071 3320 assumpsi,
1085 3258 1142 3300 nos
1155 3241 1275 3303 debere

353 3325 454 3384 lacere
476 3323 707 3386 laudabiliorem
730 3323 815 3383 illam
837 3326 1077 3402 poenitentiam,
1107 3323 1161 3384 sed
1189 3324 1276 3402 dicit,

355 3427 411 3467 nos
435 3425 528 3487 posse
541 3409 631 3467 etiam
655 3406 767 3485 dignos
791 3409 905 3467 fructus
927 3409 1137 3489 poenitentiae
1157 3409 1276 3487 lacere,

283 3499 285 3507 ’
355 3491 380 3549 si
403 3509 422 3549 a
443 3492 552 3551 timore
574 3492 789 3569 inceperimus.
831 3490 900 3550 Hoc
921 3491 1090 3551 secundum
1113 3491 1145 3550 B.
1169 3494 1276 3573 Augu·

355 3574 468 3633 stiuum
490 3575 535 3634 sic
556 3591 697 3654 expono:
721 3572 753 3635 Si
766 3583 895 3652 peccatu
907 3573 1277 3654 pcccatis‘addiderimus,

355 3675 434 3734 cum,
457 3664 490 3715 ut
510 3658 631 3736 saepius
654 3660 714 3717 iam
737 3655 850 3717 dictum
873 3664 937 3735 est,
962 3658 1109 3738 quidquid
1132 3665 1206 3718 onte
1229 3677 1277 3719 sa-

356 3749 457 3800 natam
493 3759 548 3818 per
573 3743 701 3819 gratiam
729 3741 920 3801 voluntatem
943 3740 997 3821 fit,
1026 3743 1141 3801 fructus
1172 3743 1277 3803 malae

355 3824 473 3896 arboris
494 3824 549 3898 sit,
585 3842 664 3901 quae
692 3842 753 3884 non
776 3833 881 3904 potest
903 3823 1002 3886 bonos
1023 3826 1138 3886 fructus
1160 3825 1276 3892 iacere.
1323 3818 1330 3834 ’

354 3906 438 3988 Ergo
462 3925 517 3986 por
538 3907 677 3965 timorem
692 3907 835 3968 servilem
858 3928 1012 3986 uunquam
1035 3910 1214 3989 pervenitur
1235 3910 1276 3972 ad

357 3991 525 4052 caritatem.
1257 4025 1259 4029 .

438 4072 569 4148 Quinte,
607 4070 729 4130 innixus
760 4071 913 4152 Gregorio
945 4073 1274 4156 super1lilzcclrielem,
