3075 4775
592 583 610 618 a
625 565 749 620 licturus
768 570 893 634 excepte
1146 561 1188 628 75

270 771 395 834 operum
419 760 477 831 est,
499 753 583 833 quod
604 761 676 818 sunt
699 755 749 816 vel
763 754 1096 830 virtuosavelvitioaa,
1117 755 1189 834 qnia

270 838 411 898 aihomo
435 845 483 898 ΙΙΙ
505 839 654 912 vitiosus,
683 845 715 900 et
735 840 800 919 agit
820 838 1002 918 quidquam,
1030 845 1103 899 tunc
1124 839 1190 919 agit

271 922 396 995 vitiose,
418 928 450 981 et
472 922 496 981 si
520 927 566 982 est
589 887 741 982 virtuosus
772 923 889 1002 etegit
919 921 1094 1001 quidquam,
1116 928 1189 983 tuuc

270 1005 333 1088 agit
355 1004 509 1078 virtuose
530 1011 589 1066 ΙΙΙ.

350 1088 414 1148 late
442 1051 602 1162 artibulus,
631 1095 664 1150 ut
684 1087 854 1149 audivimus
888 1087 1093 1167 praecedente
1115 1087 1189 1149 heb·

271 1169 413 1245 domada,
437 1172 638 1268 triumphatus
659 1181 776 1252 estper
796 1171 1015 1252 egregian.
1037 1171 1075 1231 D.
1095 1171 1188 1233 Caro

271 1253 487 1336 lastadium³),
511 1256 562 1333 ite,
586 1262 619 1316 ut
641 1256 782 1336 egregius
805 1257 839 1315 D.
850 1256 886 1317 D.
900 1253 1058 1315 lohannes
1077 1254 1189 1316 ΕΙΙΙΙΙΙ

266 1344 397 1398 euectus
419 1339 459 1399 sit
481 1338 605 1400 Scotum
629 1347 660 1400 et
675 1339 835 1414 Scotistas,
858 1338 1043 1418 capreolum
1065 1345 1097 1397 et
1109 1338 1189 1398 'lho-

272 1421 376 1481 mistas
399 1435 468 1482 eum
493 1424 643 1484 universis
676 1441 749 1484 suae
763 1423 919 1483 lectionis
940 1420 1118 1482 doctoribus
1141 1439 1189 1482 ce

270 1502 452 1564 lebrioribus
474 1506 645 1585 repudiare,
667 1513 698 1566 et
720 1507 748 1566 ei
770 1504 803 1586 4)
824 1506 1011 1567 consentire.

351 1587 487 1648 Proinde
508 1609 586 1667 quae
604 1589 668 1650 beri
687 1590 721 1650 in
745 1609 795 1648 me
816 1589 961 1666 evomuit,
982 1586 1065 1666 quod
1088 1605 1188 1648 essem

271 1677 420 1767 patrumm
450 1671 677 1749 Bobemorum,
711 1672 883 1735 haereticus
912 1671 1189 1751 pestilentissimus,

159 1781 162 1796 ·
270 1755 347 1814 etsi
371 1773 432 1833 qua
454 1755 755 1831 similia,referorn
783 1756 881 1816 sinum
902 1756 980 1816 eina
1019 1753 1076 1814 Hic
1096 1755 1190 1814 scatet

269 1855 336 1898 eum
358 1837 505 1899 Johanne
532 1839 627 1912 Haas,
655 1838 806 1918 quidquid
832 1858 888 1919 pro
913 1857 949 1898 se
978 1838 1104 1913 dixerit,
1132 1855 1188 1916 pro

272 1941 318 1980 me
341 1928 452 1982 eontra
474 1923 539 1982 eius
551 1922 780 1982 criminationes
795 1922 909 1982 dictum
925 1928 979 1982 ΙΙΙ
1002 1912 1081 1982 lsstd
1096 1920 1188 1998 addo,

272 2003 353 2081 quod
389 2013 474 2066 recte
509 2004 572 2066 dixi
608 2005 711 2066 christ
690 2007 878 2066 tranissimoa
919 2011 950 2064 et
979 2003 1188 2084 evangelicos,

159 2097 160 2108 ¹
271 2089 453 2166 praesertim
476 2088 576 2147 illurn·
604 2089 691 2150 Duae
711 2095 840 2148 naturae
863 2095 921 2148 ΙΙΙ.
954 2086 1057 2162 Quare
1084 2086 1189 2148 debuit

159 2191 160 2198 ¹
272 2170 341 2232 mihi
365 2169 427 2231 boo
448 2170 609 2232 admittere
632 2173 774 2253 egregius
795 2171 832 2233 D.
847 2171 896 2246 Ι).,
919 2169 1003 2249 quod
1023 2188 1080 2249 pro
1103 2188 1188 2229 reve

159 2299 160 2314 .
269 2255 368 2314 rentia
395 2249 532 2315 Consilii
556 2254 716 2319 Constant.
744 2255 899 2316 crederem
928 2253 986 2314 hos
1014 2260 1045 2313 ct
1072 2242 1187 2317 aimil'es
1267 2312 1269 2327 ,

269 2337 416 2401 articulos
446 2357 509 2401 non
539 2338 633 2401 fuisse
655 2339 696 2401 ibi
718 2338 897 2418 damnatos,
934 2335 989 2398 sed
1021 2336 1186 2415 abaliquo

268 2422 438 2501 impostore
463 2424 651 2485 intersertos.
688 2427 798 2485 Verum
822 2429 930 2483 contra
949 2420 1029 2481 haec
1050 2439 1118 2481 oum
1142 2417 1186 2499 ip

268 2513 402 2565 summet
429 2504 592 2567 concilium
620 2505 720 2583 dieat,
691 2506 875 2585 taliquos
903 2522 972 2565 esse
1002 2503 1187 2581 haereticos,

260 2587 389 2683 'aliquos
413 2608 570 2666 erroneos,
592 2589 712 2668 aliquos
726 2589 935 2683 blasphemes,
951 2586 1072 2665 aliquos
1093 2592 1187 2647 teme

267 2672 374 2743 rarios,
400 2672 540 2749 aliquos
543 2672 717 2751 seditiosos,
740 2672 988 2751 aliquosprarum
1002 2670 1120 2729 sumum
1144 2668 1187 2729 ot

268 2752 425 2831 sensivae,
453 2754 558 2817 debuit
579 2756 661 2851 prius
683 2757 825 2837 egregius
847 2755 884 2817 D.
906 2754 942 2815 Ι).
965 2770 1021 2832 pro
1043 2771 1099 2811 sua
1119 2770 1187 2830 prin

269 2835 372 2897 dentis
394 2837 590 2916 quemlibet
583 2859 613 2898 ΙΙΙ
637 2858 724 2898 suum
740 2838 879 2899 ordinem
899 2835 1050 2915 redigere,
1071 2841 1102 2893 et
1123 2852 1186 2899 noa

268 2927 376 2983 contm
408 2920 694 2983 determinationem
723 2921 847 2983 concilii
879 2937 987 2980 omnes
1015 2919 1045 2976 iu
1068 2918 1187 2975 univer-

268 3022 332 3063 sum
357 3004 531 3065 haereticos
554 3004 710 3082 dammare,
733 3024 811 3084 quos
833 3001 997 3064 concilium
1018 3001 1071 3059 vix
1093 3005 1186 3061 teme

266 3088 363 3149 rarios
387 3106 458 3147 esse
492 3088 597 3152 voluit.
638 3088 717 3149 Nam
745 3094 848 3167 potest
876 3093 908 3147 et
936 3087 1003 3165 ipsa
1025 3082 1187 3163 purissime

270 3171 381 3229 veritas
406 3172 600 3248 temeritatis,
623 3171 786 3247 scandali,
809 3169 984 3242 seditionis,
1005 3165 1186 3229 offensionis

270 3254 386 3315 aunum
419 3255 573 3331 accusari,
599 3256 677 3315 siout
700 3254 821 3315 Christo
843 3252 980 3331 contigit.
1022 3251 1088 3311 Nee
1113 3248 1185 3314 ideo

268 3334 362 3395 falsus
385 3343 434 3397 est
422 3337 616 3413 tarticulua,
645 3337 741 3397 multo
773 3339 871 3397 minua
893 3336 1081 3406 haereticus,
1114 3334 1187 3430 quia

269 3420 447 3479 temerarius
469 3421 519 3481 vel
541 3419 717 3483 offensivus.
746 3420 786 3479 ΕΙ
808 3422 853 3479 ΙΙΙ
874 3425 967 3514 patet,
988 3416 1072 3496 quod
1095 3417 1186 3477 nimia

269 3504 507 3581 praecipitanter
529 3510 561 3562 et
583 3504 676 3583 longe
712 3504 789 3563 eitra
816 3502 997 3562 modestam
1020 3497 1186 3560 Dociauam

269 3582 440 3645 haereticus
463 3592 624 3647 accusatae
646 3605 723 3661 aum,
747 3604 837 3665 quem
859 3586 998 3645 fortassis
1020 3585 1072 3644 vix
1092 3582 1186 3643 offen-

268 3668 362 3727 aivum
386 3670 500 3747 poterit
520 3668 691 3748 probare,⁸
684 3688 745 3729 uno
767 3688 839 3728 oum
859 3668 899 3728 ad
922 3685 990 3728 sum
1010 3684 1071 3727 uon
1095 3666 1186 3745 perti·

268 3738 338 3811 'neat
360 3770 487 3831 prorsus
510 3751 548 3813 de
569 3752 704 3814 articulis
727 3752 793 3813 istis
814 3752 959 3829 iudicare,
980 3751 1033 3828 qui
1055 3749 1186 3827 arronei,

291 3924 710 3935 ————---—-——--0-1.-

304 4016 333 4077 Ι)
354 4014 385 4067 ln
405 4015 447 4068 ed.
467 4014 528 4070 Jen.
548 4014 648 4069 desunt
667 4016 765 4069 verba:
804 4013 1016 4081 peregregiam
1037 4011 1065 4063 D.
1085 4010 1119 4064 D.
1135 4008 1184 4067 Ge

270 4086 460 4141 rolostadium.
498 4086 531 4153 2)
551 4086 670 4141 Ibidem:
689 4088 887 4154 antagonistae
905 4099 965 4137 suo.
