<?xml version="1.0" encoding="UTF-8"?>
<!DOCTYPE html PUBLIC "-//W3C//DTD XHTML 1.0 Transitional//EN"
    "http://www.w3.org/TR/xhtml1/DTD/xhtml1-transitional.dtd">
<html xmlns="http://www.w3.org/1999/xhtml" xml:lang="en" lang="en">
 <head>
  <title>
</title>
<meta http-equiv="Content-Type" content="text/html;charset=utf-8" />
  <meta name='ocr-system' content='tesseract 3.04.00' />
  <meta name='ocr-capabilities' content='ocr_page ocr_carea ocr_par ocr_line ocrx_word'/>
</head>
<body>
  <div class='ocr_page' id='page_1' title='image "./operalatinavari02schmgoog_0505.png"; bbox 0 0 3075 4775; ppageno 0'>
   <div class='ocr_carea' id='block_1_1' title="bbox 478 527 1219 596">
    <p class='ocr_par' dir='ltr' id='par_1_1' title="bbox 478 527 1219 596">
     <span class='ocr_line' id='line_1_1' title="bbox 478 527 1219 596; baseline -0.004 -12"><span class='ocrx_word' id='word_1_1' title='bbox 478 580 483 591; x_wconf 61' lang='lat'>„</span> <span class='ocrx_word' id='word_1_2' title='bbox 586 534 684 583; x_wconf 82' lang='lat' dir='ltr'><strong>contre</strong></span> <span class='ocrx_word' id='word_1_3' title='bbox 700 527 764 584; x_wconf 79' lang='lat' dir='ltr'><strong>tou.</strong></span> <span class='ocrx_word' id='word_1_4' title='bbox 784 529 906 585; x_wconf 82' lang='lat' dir='ltr'><strong>lineium.</strong></span> <span class='ocrx_word' id='word_1_5' title='bbox 1156 527 1219 596; x_wconf 61' lang='lat'><strong>499</strong></span> 
     </span>
    </p>
   </div>
   <div class='ocr_carea' id='block_1_2' title="bbox 240 717 1300 2799">
    <p class='ocr_par' dir='ltr' id='par_1_2' title="bbox 298 717 1272 882">
     <span class='ocr_line' id='line_1_2' title="bbox 298 717 1272 799; baseline 0.008 -21"><span class='ocrx_word' id='word_1_6' title='bbox 298 736 486 797; x_wconf 79' lang='lat' dir='ltr'><strong>propensum</strong></span> <span class='ocrx_word' id='word_1_7' title='bbox 507 718 601 780; x_wconf 80' lang='lat' dir='ltr'><strong>animi</strong></span> <span class='ocrx_word' id='word_1_8' title='bbox 621 717 755 779; x_wconf 84' lang='lat' dir='ltr'><strong>studium</strong></span> <span class='ocrx_word' id='word_1_9' title='bbox 779 718 867 799; x_wconf 78' lang='lat' dir='ltr'><strong>repit,</strong></span> <span class='ocrx_word' id='word_1_10' title='bbox 889 717 921 779; x_wconf 82' lang='lat' dir='ltr'><strong>in</strong></span> <span class='ocrx_word' id='word_1_11' title='bbox 944 717 1086 780; x_wconf 88' lang='lat' dir='ltr'><strong>omnibus</strong></span> <span class='ocrx_word' id='word_1_12' title='bbox 1101 720 1218 782; x_wconf 76' lang='lat' dir='ltr'><strong>vitibus·</strong></span> <span class='ocrx_word' id='word_1_13' title='bbox 1270 782 1272 786; x_wconf 85' lang='lat'>.</span> 
     </span>
     <span class='ocr_line' id='line_1_3' title="bbox 300 799 1045 882; baseline 0.003 -22"><span class='ocrx_word' id='word_1_14' title='bbox 300 799 441 882; x_wconf 81' lang='lat' dir='ltr'><strong>effigiare</strong></span> <span class='ocrx_word' id='word_1_15' title='bbox 462 801 629 864; x_wconf 76' lang='lat' dir='ltr'>studemus.</span> <span class='ocrx_word' id='word_1_16' title='bbox 852 849 854 853; x_wconf 68' lang='lat'><strong>,</strong></span> <span class='ocrx_word' id='word_1_17' title='bbox 902 818 904 830; x_wconf 75' lang='lat'>¹</span> <span class='ocrx_word' id='word_1_18' title='bbox 1043 806 1045 814; x_wconf 83' lang='lat'>&#39;</span> 
     </span>
    </p>

    <p class='ocr_par' dir='ltr' id='par_1_3' title="bbox 240 884 1255 2468">
     <span class='ocr_line' id='line_1_4' title="bbox 380 884 1219 964; baseline 0.002 -20"><span class='ocrx_word' id='word_1_19' title='bbox 380 884 444 947; x_wconf 83' lang='lat' dir='ltr'><strong>lem</strong></span> <span class='ocrx_word' id='word_1_20' title='bbox 468 886 589 963; x_wconf 84' lang='lat' dir='ltr'><strong>quoties</strong></span> <span class='ocrx_word' id='word_1_21' title='bbox 617 885 735 961; x_wconf 86' lang='lat' dir='ltr'><strong>evenit,</strong></span> <span class='ocrx_word' id='word_1_22' title='bbox 764 886 812 944; x_wconf 77' lang='lat' dir='ltr'><strong>&#39;ub</strong></span> <span class='ocrx_word' id='word_1_23' title='bbox 832 885 968 964; x_wconf 83' lang='lat' dir='ltr'><strong>excipiet</strong></span> <span class='ocrx_word' id='word_1_24' title='bbox 997 885 1058 946; x_wconf 87' lang='lat' dir='ltr'><strong>vim</strong></span> <span class='ocrx_word' id='word_1_25' title='bbox 1091 885 1219 946; x_wconf 88' lang='lat' dir='ltr'><strong>alicuius</strong></span> 
     </span>
     <span class='ocr_line' id='line_1_5' title="bbox 299 967 1255 1048; baseline -0.001 -21"><span class='ocrx_word' id='word_1_26' title='bbox 299 969 472 1028; x_wconf 83' lang='lat' dir='ltr'><strong>sententiae</strong></span> <span class='ocrx_word' id='word_1_27' title='bbox 484 969 640 1048; x_wconf 87' lang='lat' dir='ltr'><strong>propriam</strong></span> <span class='ocrx_word' id='word_1_28' title='bbox 651 974 684 1031; x_wconf 90' lang='lat' dir='ltr'><strong>et</strong></span> <span class='ocrx_word' id='word_1_29' title='bbox 704 967 856 1028; x_wconf 83' lang='lat' dir='ltr'><strong>sinceram</strong></span> <span class='ocrx_word' id='word_1_30' title='bbox 879 986 967 1028; x_wconf 87' lang='lat' dir='ltr'><strong>mens</strong></span> <span class='ocrx_word' id='word_1_31' title='bbox 979 975 1101 1046; x_wconf 84' lang='lat' dir='ltr'><strong>nostre,</strong></span> <span class='ocrx_word' id='word_1_32' title='bbox 1117 967 1219 1030; x_wconf 74' lang='lat' dir='ltr'><strong>oblsa</strong></span> <span class='ocrx_word' id='word_1_33' title='bbox 1253 1013 1255 1026; x_wconf 85' lang='lat'><em>.</em></span> 
     </span>
     <span class='ocr_line' id='line_1_6' title="bbox 240 1049 1219 1131; baseline 0.002 -21"><span class='ocrx_word' id='word_1_34' title='bbox 240 1122 244 1126; x_wconf 20' lang='lat'><strong>¹</strong></span> <span class='ocrx_word' id='word_1_35' title='bbox 300 1057 404 1129; x_wconf 85' lang='lat' dir='ltr'><strong>tetque</strong></span> <span class='ocrx_word' id='word_1_36' title='bbox 432 1052 464 1111; x_wconf 92' lang='lat' dir='ltr'><strong>in</strong></span> <span class='ocrx_word' id='word_1_37' title='bbox 498 1071 536 1112; x_wconf 85' lang='lat' dir='ltr'><strong>es</strong></span> <span class='ocrx_word' id='word_1_38' title='bbox 559 1071 594 1112; x_wconf 88' lang='lat' dir='ltr'><strong>se</strong></span> <span class='ocrx_word' id='word_1_39' title='bbox 614 1051 781 1131; x_wconf 82' lang='lat' dir='ltr'><strong>paulisper,</strong></span> <span class='ocrx_word' id='word_1_40' title='bbox 804 1049 936 1124; x_wconf 79' lang='lat' dir='ltr'><strong>mirabili</strong></span> <span class='ocrx_word' id='word_1_41' title='bbox 957 1050 1091 1129; x_wconf 82' lang='lat' dir='ltr'><strong>quodam</strong></span> <span class='ocrx_word' id='word_1_42' title='bbox 1115 1051 1219 1126; x_wconf 89' lang='lat' dir='ltr'><strong>modo,</strong></span> 
     </span>
     <span class='ocr_line' id='line_1_7' title="bbox 299 1133 1219 1215; baseline 0.001 -22"><span class='ocrx_word' id='word_1_43' title='bbox 299 1152 390 1213; x_wconf 90' lang='lat' dir='ltr'><strong>quem</strong></span> <span class='ocrx_word' id='word_1_44' title='bbox 411 1153 559 1196; x_wconf 87' lang='lat' dir='ltr'><strong>revocare</strong></span> <span class='ocrx_word' id='word_1_45' title='bbox 581 1143 693 1215; x_wconf 85' lang='lat' dir='ltr'><strong>postea</strong></span> <span class='ocrx_word' id='word_1_46' title='bbox 714 1133 855 1214; x_wconf 85' lang='lat' dir='ltr'><strong>elapsum</strong></span> <span class='ocrx_word' id='word_1_47' title='bbox 876 1151 1002 1214; x_wconf 87' lang='lat' dir='ltr'><strong>prorsus</strong></span> <span class='ocrx_word' id='word_1_48' title='bbox 1026 1135 1141 1214; x_wconf 89' lang='lat' dir='ltr'><strong>nequit.</strong></span> <span class='ocrx_word' id='word_1_49' title='bbox 1184 1135 1219 1194; x_wconf 94' lang='lat' dir='ltr'><strong>ln</strong></span> 
     </span>
     <span class='ocr_line' id='line_1_8' title="bbox 299 1216 1219 1298; baseline 0.001 -21"><span class='ocrx_word' id='word_1_50' title='bbox 299 1236 369 1277; x_wconf 90' lang='lat' dir='ltr'><strong>eum</strong></span> <span class='ocrx_word' id='word_1_51' title='bbox 391 1217 520 1279; x_wconf 76' lang='lat' dir='ltr'><strong>modum.</strong></span> <span class='ocrx_word' id='word_1_52' title='bbox 539 1218 571 1281; x_wconf 77' lang='lat' dir='ltr'><strong>fl.</strong></span> <span class='ocrx_word' id='word_1_53' title='bbox 593 1216 700 1278; x_wconf 78' lang='lat' dir='ltr'><strong>Patres</strong></span> <span class='ocrx_word' id='word_1_54' title='bbox 722 1223 760 1284; x_wconf 68' lang='lat' dir='ltr'><strong>et=</strong></span> <span class='ocrx_word' id='word_1_55' title='bbox 775 1216 887 1280; x_wconf 82' lang='lat' dir='ltr'><strong>affectu</strong></span> <span class='ocrx_word' id='word_1_56' title='bbox 922 1217 1056 1297; x_wconf 86' lang='lat' dir='ltr'><strong>quodam</strong></span> <span class='ocrx_word' id='word_1_57' title='bbox 1087 1219 1167 1298; x_wconf 84' lang='lat' dir='ltr'><strong>rapti</strong></span> <span class='ocrx_word' id='word_1_58' title='bbox 1189 1219 1219 1278; x_wconf 90' lang='lat' dir='ltr'><strong>in</strong></span> 
     </span>
     <span class='ocr_line' id='line_1_9' title="bbox 299 1300 1220 1382; baseline 0.001 -21"><span class='ocrx_word' id='word_1_59' title='bbox 299 1318 422 1361; x_wconf 87' lang='lat' dir='ltr'><strong>sensnm</strong></span> <span class='ocrx_word' id='word_1_60' title='bbox 444 1319 508 1362; x_wconf 88' lang='lat' dir='ltr'><strong>non</strong></span> <span class='ocrx_word' id='word_1_61' title='bbox 531 1301 644 1362; x_wconf 86' lang='lat' dir='ltr'><strong>malum</strong></span> <span class='ocrx_word' id='word_1_62' title='bbox 662 1300 796 1382; x_wconf 88' lang='lat' dir='ltr'><strong>quidem,</strong></span> <span class='ocrx_word' id='word_1_63' title='bbox 812 1301 867 1361; x_wconf 87' lang='lat' dir='ltr'><strong>scd</strong></span> <span class='ocrx_word' id='word_1_64' title='bbox 882 1302 1131 1382; x_wconf 88' lang='lat' dir='ltr'><strong>impertinentem</strong></span> <span class='ocrx_word' id='word_1_65' title='bbox 1145 1319 1220 1362; x_wconf 49' lang='lat' dir='ltr'><strong>*sae-</strong></span> 
     </span>
     <span class='ocr_line' id='line_1_10' title="bbox 299 1383 1218 1464; baseline 0 -20"><span class='ocrx_word' id='word_1_66' title='bbox 299 1401 467 1464; x_wconf 88' lang='lat' dir='ltr'><strong>penumero</strong></span> <span class='ocrx_word' id='word_1_67' title='bbox 499 1384 654 1464; x_wconf 81' lang='lat' dir='ltr'><strong>Scriptura</strong></span> <span class='ocrx_word' id='word_1_68' title='bbox 690 1389 763 1445; x_wconf 82' lang='lat' dir='ltr'><strong>suut</strong></span> <span class='ocrx_word' id='word_1_69' title='bbox 794 1383 891 1447; x_wconf 88' lang='lat' dir='ltr'><strong>abusi.</strong></span> <span class='ocrx_word' id='word_1_70' title='bbox 952 1383 1040 1460; x_wconf 81' lang='lat' dir='ltr'><strong>Quod</strong></span> <span class='ocrx_word' id='word_1_71' title='bbox 1082 1391 1116 1444; x_wconf 91' lang='lat' dir='ltr'><strong>ut</strong></span> <span class='ocrx_word' id='word_1_72' title='bbox 1155 1403 1218 1444; x_wconf 89' lang='lat' dir='ltr'><strong>non</strong></span> 
     </span>
     <span class='ocr_line' id='line_1_11' title="bbox 299 1467 1221 1547; baseline 0.001 -20"><span class='ocrx_word' id='word_1_73' title='bbox 299 1467 431 1546; x_wconf 65' lang='lat' dir='ltr'><strong>Mna,</strong></span> <span class='ocrx_word' id='word_1_74' title='bbox 464 1469 510 1527; x_wconf 88' lang='lat' dir='ltr'><strong>sio</strong></span> <span class='ocrx_word' id='word_1_75' title='bbox 539 1474 641 1528; x_wconf 84' lang='lat' dir='ltr'><strong>tamen</strong></span> <span class='ocrx_word' id='word_1_76' title='bbox 679 1468 816 1547; x_wconf 86' lang='lat' dir='ltr'><strong>recipio,</strong></span> <span class='ocrx_word' id='word_1_77' title='bbox 858 1474 894 1528; x_wconf 85' lang='lat' dir='ltr'><strong>ut</strong></span> <span class='ocrx_word' id='word_1_78' title='bbox 935 1469 966 1527; x_wconf 90' lang='lat' dir='ltr'><strong>in</strong></span> <span class='ocrx_word' id='word_1_79' title='bbox 1008 1469 1221 1528; x_wconf 78' lang='lat' dir='ltr'><strong>controversis</strong></span> 
     </span>
     <span class='ocr_line' id='line_1_12' title="bbox 298 1549 1219 1631; baseline 0 -21"><span class='ocrx_word' id='word_1_80' title='bbox 298 1569 406 1631; x_wconf 84' lang='lat' dir='ltr'><strong>parum</strong></span> <span class='ocrx_word' id='word_1_81' title='bbox 443 1551 548 1611; x_wconf 86' lang='lat' dir='ltr'><strong>valere</strong></span> <span class='ocrx_word' id='word_1_82' title='bbox 580 1550 719 1612; x_wconf 80' lang='lat' dir='ltr'><strong>arbitrer.</strong></span> <span class='ocrx_word' id='word_1_83' title='bbox 772 1550 861 1628; x_wconf 80' lang='lat' dir='ltr'><strong>Nam,</strong></span> <span class='ocrx_word' id='word_1_84' title='bbox 899 1557 935 1612; x_wconf 91' lang='lat' dir='ltr'><strong>ut</strong></span> <span class='ocrx_word' id='word_1_85' title='bbox 955 1549 1065 1612; x_wconf 80' lang='lat' dir='ltr'><strong>Graeci</strong></span> <span class='ocrx_word' id='word_1_86' title='bbox 1106 1551 1219 1628; x_wconf 69' lang='lat' dir='ltr'><strong>dicunt,</strong></span> 
     </span>
     <span class='ocr_line' id='line_1_13' title="bbox 299 1629 1221 1718; baseline -0.003 -20"><span class='ocrx_word' id='word_1_87' title='bbox 299 1633 410 1707; x_wconf 66' lang='lat' dir='ltr'><strong>micio</strong></span> <span class='ocrx_word' id='word_1_88' title='bbox 431 1635 619 1718; x_wconf 75' lang='grc' dir='ltr'><strong><em>τρέχουσιν,</em></strong></span> <span class='ocrx_word' id='word_1_89' title='bbox 644 1629 730 1698; x_wconf 75' lang='grc' dir='ltr'><strong>ἀλλὰ</strong></span> <span class='ocrx_word' id='word_1_90' title='bbox 751 1655 845 1708; x_wconf 65' lang='lat' dir='ltr'><strong>euros</strong></span> <span class='ocrx_word' id='word_1_91' title='bbox 867 1631 957 1698; x_wconf 66' lang='lat' dir='ltr'><strong>onoc.</strong></span> <span class='ocrx_word' id='word_1_92' title='bbox 980 1635 1046 1695; x_wconf 91' lang='lat' dir='ltr'><strong>lmo</strong></span> <span class='ocrx_word' id='word_1_93' title='bbox 1068 1635 1166 1694; x_wconf 88' lang='lat' dir='ltr'><strong>ausim</strong></span> <span class='ocrx_word' id='word_1_94' title='bbox 1190 1642 1221 1695; x_wconf 90' lang='lat' dir='ltr'><strong>et</strong></span> 
     </span>
     <span class='ocr_line' id='line_1_14' title="bbox 290 1716 1221 1798; baseline 0 -21"><span class='ocrx_word' id='word_1_95' title='bbox 290 1717 360 1778; x_wconf 72' lang='lat' dir='ltr'><strong>-boc</strong></span> <span class='ocrx_word' id='word_1_96' title='bbox 381 1716 495 1794; x_wconf 82' lang='lat' dir='ltr'><strong>dicere,</strong></span> <span class='ocrx_word' id='word_1_97' title='bbox 530 1736 753 1797; x_wconf 80' lang='lat' dir='ltr'><strong>nonnunquam</strong></span> <span class='ocrx_word' id='word_1_98' title='bbox 776 1737 868 1778; x_wconf 89' lang='lat' dir='ltr'><strong>sensu</strong></span> <span class='ocrx_word' id='word_1_99' title='bbox 900 1717 1034 1798; x_wconf 82' lang='lat' dir='ltr'><strong>quodam</strong></span> <span class='ocrx_word' id='word_1_100' title='bbox 1061 1717 1091 1780; x_wconf 83' lang='lat' dir='ltr'><strong>S.</strong></span> <span class='ocrx_word' id='word_1_101' title='bbox 1114 1717 1221 1778; x_wconf 84' lang='lat' dir='ltr'><strong>Patres</strong></span> 
     </span>
     <span class='ocr_line' id='line_1_15' title="bbox 298 1799 1221 1882; baseline 0.001 -22"><span class='ocrx_word' id='word_1_102' title='bbox 298 1802 517 1880; x_wconf 83' lang='lat' dir='ltr'><strong>interpretatos</strong></span> <span class='ocrx_word' id='word_1_103' title='bbox 546 1819 614 1861; x_wconf 89' lang='lat' dir='ltr'><strong>esse</strong></span> <span class='ocrx_word' id='word_1_104' title='bbox 638 1799 825 1881; x_wconf 80' lang='lat' dir='ltr'><strong>Scripturas,</strong></span> <span class='ocrx_word' id='word_1_105' title='bbox 861 1819 952 1880; x_wconf 91' lang='lat' dir='ltr'><strong>quem</strong></span> <span class='ocrx_word' id='word_1_106' title='bbox 982 1800 1168 1882; x_wconf 72' lang='lat' dir='ltr'>suggerebat</span> <span class='ocrx_word' id='word_1_107' title='bbox 1189 1807 1221 1861; x_wconf 85' lang='lat' dir='ltr'><strong>et</strong></span> 
     </span>
     <span class='ocr_line' id='line_1_16' title="bbox 298 1882 1220 1964; baseline 0 -20"><span class='ocrx_word' id='word_1_108' title='bbox 298 1884 469 1964; x_wconf 82' lang='lat' dir='ltr'><strong>inspirabat</strong></span> <span class='ocrx_word' id='word_1_109' title='bbox 489 1885 582 1944; x_wconf 83' lang='lat' dir='ltr'><strong>vivex</strong></span> <span class='ocrx_word' id='word_1_110' title='bbox 605 1884 714 1963; x_wconf 84' lang='lat' dir='ltr'><strong>aliquis</strong></span> <span class='ocrx_word' id='word_1_111' title='bbox 726 1882 864 1963; x_wconf 79' lang='lat' dir='ltr'><strong>effectus,</strong></span> <span class='ocrx_word' id='word_1_112' title='bbox 888 1885 938 1964; x_wconf 91' lang='lat' dir='ltr'><strong>qui</strong></span> <span class='ocrx_word' id='word_1_113' title='bbox 950 1903 1059 1944; x_wconf 89' lang='lat' dir='ltr'><strong>sensus</strong></span> <span class='ocrx_word' id='word_1_114' title='bbox 1082 1890 1113 1944; x_wconf 86' lang='lat' dir='ltr'><strong>st</strong></span> <span class='ocrx_word' id='word_1_115' title='bbox 1129 1903 1220 1944; x_wconf 87' lang='lat' dir='ltr'><strong>verus</strong></span> 
     </span>
     <span class='ocr_line' id='line_1_17' title="bbox 299 1966 1220 2048; baseline -0.002 -20"><span class='ocrx_word' id='word_1_116' title='bbox 299 1968 340 2028; x_wconf 86' lang='lat' dir='ltr'><strong>sit</strong></span> <span class='ocrx_word' id='word_1_117' title='bbox 360 1973 393 2028; x_wconf 90' lang='lat' dir='ltr'><strong>et</strong></span> <span class='ocrx_word' id='word_1_118' title='bbox 413 1986 475 2028; x_wconf 87' lang='lat' dir='ltr'><strong>non</strong></span> <span class='ocrx_word' id='word_1_119' title='bbox 497 1968 708 2048; x_wconf 78' lang='lat' dir='ltr'><strong>impertinens,</strong></span> <span class='ocrx_word' id='word_1_120' title='bbox 730 1985 821 2046; x_wconf 88' lang='lat' dir='ltr'><strong>quem</strong></span> <span class='ocrx_word' id='word_1_121' title='bbox 837 1973 943 2028; x_wconf 91' lang='lat' dir='ltr'><strong>temen</strong></span> <span class='ocrx_word' id='word_1_122' title='bbox 967 1983 1026 2027; x_wconf 89' lang='lat' dir='ltr'><strong>nos</strong></span> <span class='ocrx_word' id='word_1_123' title='bbox 1042 1966 1220 2028; x_wconf 76' lang='lat' dir='ltr'><strong>homunculi</strong></span> 
     </span>
     <span class='ocr_line' id='line_1_18' title="bbox 299 2049 1220 2133; baseline 0 -23"><span class='ocrx_word' id='word_1_124' title='bbox 299 2049 339 2110; x_wconf 78' lang='lat' dir='ltr'><strong>erl</strong></span> <span class='ocrx_word' id='word_1_125' title='bbox 361 2051 480 2112; x_wconf 81' lang='lat' dir='ltr'><strong>literam</strong></span> <span class='ocrx_word' id='word_1_126' title='bbox 499 2050 653 2130; x_wconf 60' lang='lat' dir='ltr'><strong>⁴quadrare</strong></span> <span class='ocrx_word' id='word_1_127' title='bbox 675 2070 738 2110; x_wconf 88' lang='lat' dir='ltr'><strong>non</strong></span> <span class='ocrx_word' id='word_1_128' title='bbox 761 2049 919 2133; x_wconf 83' lang='lat' dir='ltr'><strong>videmus,</strong></span> <span class='ocrx_word' id='word_1_129' title='bbox 942 2069 1055 2130; x_wconf 87' lang='lat' dir='ltr'><strong>nempe</strong></span> <span class='ocrx_word' id='word_1_130' title='bbox 1077 2051 1138 2110; x_wconf 83' lang='lat' dir='ltr'><strong>elio</strong></span> <span class='ocrx_word' id='word_1_131' title='bbox 1162 2069 1220 2110; x_wconf 91' lang='lat' dir='ltr'><strong>nos</strong></span> 
     </span>
     <span class='ocr_line' id='line_1_19' title="bbox 299 2131 1220 2214; baseline -0.002 -20"><span class='ocrx_word' id='word_1_132' title='bbox 299 2134 381 2194; x_wconf 76' lang='lat' dir='ltr'><strong>elias</strong></span> <span class='ocrx_word' id='word_1_133' title='bbox 399 2134 523 2214; x_wconf 76' lang='lat' dir='ltr'><strong>spiritns</strong></span> <span class='ocrx_word' id='word_1_134' title='bbox 536 2135 568 2212; x_wconf 82' lang='lat'><strong>¹)</strong></span> <span class='ocrx_word' id='word_1_135' title='bbox 591 2134 680 2214; x_wconf 84' lang='lat' dir='ltr'><strong>rapit</strong></span> <span class='ocrx_word' id='word_1_136' title='bbox 713 2133 776 2194; x_wconf 82' lang='lat' dir='ltr'><strong>Est</strong></span> <span class='ocrx_word' id='word_1_137' title='bbox 791 2134 872 2194; x_wconf 85' lang='lat' dir='ltr'><strong>enirn</strong></span> <span class='ocrx_word' id='word_1_138' title='bbox 895 2133 1046 2194; x_wconf 90' lang='lat' dir='ltr'><strong>eiusmodi</strong></span> <span class='ocrx_word' id='word_1_139' title='bbox 1068 2131 1220 2214; x_wconf 87' lang='lat' dir='ltr'><strong>quaedam</strong></span> 
     </span>
     <span class='ocr_line' id='line_1_20' title="bbox 299 2215 1220 2296; baseline -0.001 -19"><span class='ocrx_word' id='word_1_140' title='bbox 299 2216 394 2278; x_wconf 81' lang='lat' dir='ltr'><strong>tacite</strong></span> <span class='ocrx_word' id='word_1_141' title='bbox 414 2220 527 2278; x_wconf 87' lang='lat' dir='ltr'><strong>mentis</strong></span> <span class='ocrx_word' id='word_1_142' title='bbox 547 2218 711 2292; x_wconf 77' lang='lat' dir='ltr'><strong>alimonia,</strong></span> <span class='ocrx_word' id='word_1_143' title='bbox 745 2223 777 2278; x_wconf 91' lang='lat' dir='ltr'><strong>et</strong></span> <span class='ocrx_word' id='word_1_144' title='bbox 798 2236 911 2278; x_wconf 87' lang='lat' dir='ltr'><strong>manna</strong></span> <span class='ocrx_word' id='word_1_145' title='bbox 933 2216 1105 2296; x_wconf 80' lang='lat' dir='ltr'>quoddam,</span> <span class='ocrx_word' id='word_1_146' title='bbox 1137 2215 1220 2296; x_wconf 92' lang='lat' dir='ltr'><strong>quod</strong></span> 
     </span>
     <span class='ocr_line' id='line_1_21' title="bbox 299 2298 1222 2381; baseline -0.001 -20"><span class='ocrx_word' id='word_1_147' title='bbox 299 2308 375 2380; x_wconf 91' lang='lat' dir='ltr'><strong>puto</strong></span> <span class='ocrx_word' id='word_1_148' title='bbox 397 2301 524 2362; x_wconf 86' lang='lat' dir='ltr'><strong>Paulum</strong></span> <span class='ocrx_word' id='word_1_149' title='bbox 553 2298 742 2361; x_wconf 83' lang='lat' dir='ltr'><strong>intellectum</strong></span> <span class='ocrx_word' id='word_1_150' title='bbox 772 2301 940 2381; x_wconf 75' lang='lat' dir='ltr'><strong>spiritaiem</strong></span> <span class='ocrx_word' id='word_1_151' title='bbox 971 2317 1103 2380; x_wconf 74' lang='lat' dir='ltr'><strong>vocare,</strong></span> <span class='ocrx_word' id='word_1_152' title='bbox 1142 2316 1222 2380; x_wconf 86' lang='lat' dir='ltr'><strong>quae</strong></span> 
     </span>
     <span class='ocr_line' id='line_1_22' title="bbox 298 2383 1089 2468; baseline -0.004 -22"><span class='ocrx_word' id='word_1_153' title='bbox 298 2384 420 2447; x_wconf 74' lang='lat' dir='ltr'><strong>facilius</strong></span> <span class='ocrx_word' id='word_1_154' title='bbox 444 2385 484 2446; x_wconf 91' lang='lat' dir='ltr'><strong>sit</strong></span> <span class='ocrx_word' id='word_1_155' title='bbox 504 2383 673 2468; x_wconf 73' lang='lat' dir='ltr'><strong>percipere,</strong></span> <span class='ocrx_word' id='word_1_156' title='bbox 697 2402 787 2463; x_wconf 87' lang='lat' dir='ltr'><strong>quem</strong></span> <span class='ocrx_word' id='word_1_157' title='bbox 811 2383 911 2447; x_wconf 86' lang='lat' dir='ltr'><strong>verbis</strong></span> <span class='ocrx_word' id='word_1_158' title='bbox 934 2383 1089 2446; x_wconf 77' lang='lat' dir='ltr'><strong>delinisse.</strong></span> 
     </span>
    </p>

    <p class='ocr_par' dir='ltr' id='par_1_4' title="bbox 299 2467 1300 2799">
     <span class='ocr_line' id='line_1_23' title="bbox 381 2467 1300 2547; baseline -0.002 -18"><span class='ocrx_word' id='word_1_159' title='bbox 381 2469 447 2529; x_wconf 90' lang='lat' dir='ltr'><strong>lam</strong></span> <span class='ocrx_word' id='word_1_160' title='bbox 478 2486 552 2528; x_wconf 87' lang='lat' dir='ltr'><strong>vero</strong></span> <span class='ocrx_word' id='word_1_161' title='bbox 591 2468 658 2547; x_wconf 89' lang='lat' dir='ltr'><strong>quis</strong></span> <span class='ocrx_word' id='word_1_162' title='bbox 694 2485 757 2534; x_wconf 89' lang='lat' dir='ltr'><strong>non</strong></span> <span class='ocrx_word' id='word_1_163' title='bbox 793 2467 878 2528; x_wconf 87' lang='lat' dir='ltr'><strong>videt</strong></span> <span class='ocrx_word' id='word_1_164' title='bbox 914 2474 1035 2528; x_wconf 82' lang='lat' dir='ltr'><strong>veteres</strong></span> <span class='ocrx_word' id='word_1_165' title='bbox 1057 2467 1221 2527; x_wconf 84' lang='lat' dir='ltr'><strong>liberrimo</strong></span> <span class='ocrx_word' id='word_1_166' title='bbox 1298 2500 1300 2504; x_wconf 95' lang='lat'>·</span> 
     </span>
     <span class='ocr_line' id='line_1_24' title="bbox 299 2549 1221 2633; baseline -0.002 -20"><span class='ocrx_word' id='word_1_167' title='bbox 299 2552 462 2633; x_wconf 79' lang='lat' dir='ltr'><strong>Seriptmis</strong></span> <span class='ocrx_word' id='word_1_168' title='bbox 482 2551 613 2628; x_wconf 77' lang='lat' dir='ltr'><strong>abusos,</strong></span> <span class='ocrx_word' id='word_1_169' title='bbox 644 2550 792 2630; x_wconf 80' lang='lat' dir='ltr'><strong>pleneque</strong></span> <span class='ocrx_word' id='word_1_170' title='bbox 827 2549 1036 2631; x_wconf 84' lang='lat' dir='ltr'><strong>temporibus,</strong></span> <span class='ocrx_word' id='word_1_171' title='bbox 1072 2550 1221 2629; x_wconf 82' lang='lat' dir='ltr'><strong>pleraque</strong></span> 
     </span>
     <span class='ocr_line' id='line_1_25' title="bbox 300 2630 1220 2712; baseline -0.003 -18"><span class='ocrx_word' id='word_1_172' title='bbox 300 2635 543 2697; x_wconf 86' lang='lat' dir='ltr'><strong>dissensionibus</strong></span> <span class='ocrx_word' id='word_1_173' title='bbox 564 2632 788 2695; x_wconf 87' lang='lat' dir='ltr'><strong>haereticorum</strong></span> <span class='ocrx_word' id='word_1_174' title='bbox 813 2632 993 2701; x_wconf 65' lang='lat' dir='ltr'><strong>data‘sunt,</strong></span> <span class='ocrx_word' id='word_1_175' title='bbox 1016 2630 1099 2711; x_wconf 88' lang='lat' dir='ltr'><strong>quod</strong></span> <span class='ocrx_word' id='word_1_176' title='bbox 1121 2650 1220 2712; x_wconf 83' lang='lat' dir='ltr'><strong>genus</strong></span> 
     </span>
     <span class='ocr_line' id='line_1_26' title="bbox 301 2715 1220 2799; baseline -0.005 -19"><span class='ocrx_word' id='word_1_177' title='bbox 301 2718 447 2798; x_wconf 78' lang='lat' dir='ltr'><strong>exempla</strong></span> <span class='ocrx_word' id='word_1_178' title='bbox 473 2719 567 2779; x_wconf 83' lang='lat' dir='ltr'><strong>liceat</strong></span> <span class='ocrx_word' id='word_1_179' title='bbox 593 2718 754 2777; x_wconf 86' lang='lat' dir='ltr'><strong>innumere</strong></span> <span class='ocrx_word' id='word_1_180' title='bbox 780 2716 961 2796; x_wconf 88' lang='lat' dir='ltr'><strong>producere.</strong></span> <span class='ocrx_word' id='word_1_181' title='bbox 1011 2715 1119 2799; x_wconf 84' lang='lat' dir='ltr'><strong>Neque</strong></span> <span class='ocrx_word' id='word_1_182' title='bbox 1150 2732 1220 2775; x_wconf 85' lang='lat' dir='ltr'><strong>raro</strong></span> 
     </span>
    </p>
   </div>
   <div class='ocr_carea' id='block_1_3' title="bbox 300 2798 1333 2884">
    <p class='ocr_par' dir='ltr' id='par_1_5' title="bbox 300 2798 1333 2884">
     <span class='ocr_line' id='line_1_27' title="bbox 300 2798 1333 2884; baseline -0.006 -22"><span class='ocrx_word' id='word_1_183' title='bbox 300 2801 423 2882; x_wconf 80' lang='lat' dir='ltr'><strong>eccidit,</strong></span> <span class='ocrx_word' id='word_1_184' title='bbox 445 2802 625 2884; x_wconf 77' lang='lat' dir='ltr'><strong>praesertim</strong></span> <span class='ocrx_word' id='word_1_185' title='bbox 647 2802 679 2860; x_wconf 92' lang='lat' dir='ltr'><strong>in</strong></span> <span class='ocrx_word' id='word_1_186' title='bbox 701 2798 934 2876; x_wconf 85' lang='lat' dir='ltr'><strong>recentioribus,</strong></span> <span class='ocrx_word' id='word_1_187' title='bbox 956 2805 990 2859; x_wconf 91' lang='lat' dir='ltr'><strong>ut</strong></span> <span class='ocrx_word' id='word_1_188' title='bbox 1010 2805 1127 2879; x_wconf 84' lang='lat' dir='ltr'><strong>pugnet</strong></span> <span class='ocrx_word' id='word_1_189' title='bbox 1149 2815 1220 2859; x_wconf 89' lang='lat' dir='ltr'><strong>cum</strong></span> <span class='ocrx_word' id='word_1_190' title='bbox 1331 2840 1333 2845; x_wconf 34' lang='lat' dir='ltr'>s</span> 
     </span>
    </p>
   </div>
   <div class='ocr_carea' id='block_1_4' title="bbox 258 2881 1229 3800">
    <p class='ocr_par' dir='ltr' id='par_1_6' title="bbox 301 2881 1221 3464">
     <span class='ocr_line' id='line_1_28' title="bbox 301 2881 1220 2966; baseline -0.005 -20"><span class='ocrx_word' id='word_1_191' title='bbox 301 2886 420 2966; x_wconf 78' lang='lat' dir='ltr'><strong>origine</strong></span> <span class='ocrx_word' id='word_1_192' title='bbox 450 2904 508 2944; x_wconf 82' lang='lat' dir='ltr'><strong>sue</strong></span> <span class='ocrx_word' id='word_1_193' title='bbox 539 2884 694 2964; x_wconf 85' lang='lat' dir='ltr'><strong>expositio</strong></span> <span class='ocrx_word' id='word_1_194' title='bbox 727 2884 901 2963; x_wconf 73' lang='lat' dir='ltr'><strong>quaepiam.</strong></span> <span class='ocrx_word' id='word_1_195' title='bbox 951 2882 999 2943; x_wconf 90' lang='lat' dir='ltr'><strong>De</strong></span> <span class='ocrx_word' id='word_1_196' title='bbox 1021 2881 1220 2943; x_wconf 83' lang='lat' dir='ltr'><strong>Scholasticis</strong></span> 
     </span>
     <span class='ocr_line' id='line_1_29' title="bbox 301 2963 1221 3048; baseline -0.004 -19"><span class='ocrx_word' id='word_1_197' title='bbox 301 2988 365 3031; x_wconf 90' lang='lat' dir='ltr'><strong>non</strong></span> <span class='ocrx_word' id='word_1_198' title='bbox 403 2975 450 3029; x_wconf 83' lang='lat' dir='ltr'><strong>est</strong></span> <span class='ocrx_word' id='word_1_199' title='bbox 476 2975 511 3028; x_wconf 90' lang='lat' dir='ltr'><strong>ut</strong></span> <span class='ocrx_word' id='word_1_200' title='bbox 539 2966 641 3027; x_wconf 88' lang='lat' dir='ltr'><strong>multis</strong></span> <span class='ocrx_word' id='word_1_201' title='bbox 668 2971 774 3048; x_wconf 78' lang='lat' dir='ltr'><strong>agam,</strong></span> <span class='ocrx_word' id='word_1_202' title='bbox 814 2966 923 3047; x_wconf 90' lang='lat' dir='ltr'><strong>quibus</strong></span> <span class='ocrx_word' id='word_1_203' title='bbox 955 2965 1078 3027; x_wconf 85' lang='lat' dir='ltr'><strong>divinae</strong></span> <span class='ocrx_word' id='word_1_204' title='bbox 1112 2963 1221 3025; x_wconf 87' lang='lat' dir='ltr'><strong>literae</strong></span> 
     </span>
     <span class='ocr_line' id='line_1_30' title="bbox 301 3049 1221 3131; baseline -0.003 -19"><span class='ocrx_word' id='word_1_205' title='bbox 301 3051 425 3131; x_wconf 84' lang='lat' dir='ltr'><strong>quidvis</strong></span> <span class='ocrx_word' id='word_1_206' title='bbox 443 3058 516 3111; x_wconf 90' lang='lat' dir='ltr'><strong>sunt</strong></span> <span class='ocrx_word' id='word_1_207' title='bbox 541 3052 660 3131; x_wconf 88' lang='lat' dir='ltr'><strong>potius,</strong></span> <span class='ocrx_word' id='word_1_208' title='bbox 681 3065 788 3130; x_wconf 68' lang='lat' dir='ltr'><strong>‘quam</strong></span> <span class='ocrx_word' id='word_1_209' title='bbox 816 3049 987 3131; x_wconf 87' lang='lat' dir='ltr'><strong>simplices,</strong></span> <span class='ocrx_word' id='word_1_210' title='bbox 1023 3049 1085 3109; x_wconf 89' lang='lat' dir='ltr'><strong>imo</strong></span> <span class='ocrx_word' id='word_1_211' title='bbox 1115 3049 1221 3109; x_wconf 88' lang='lat' dir='ltr'><strong>nescio</strong></span> 
     </span>
     <span class='ocr_line' id='line_1_31' title="bbox 302 3131 1221 3216; baseline -0.004 -21"><span class='ocrx_word' id='word_1_212' title='bbox 302 3153 393 3216; x_wconf 77' lang='lat' dir='ltr'><strong>quem</strong></span> <span class='ocrx_word' id='word_1_213' title='bbox 404 3136 548 3196; x_wconf 87' lang='lat' dir='ltr'><strong>Proteum</strong></span> <span class='ocrx_word' id='word_1_214' title='bbox 564 3132 695 3215; x_wconf 83' lang='lat' dir='ltr'><strong>lingunt,</strong></span> <span class='ocrx_word' id='word_1_215' title='bbox 719 3131 789 3193; x_wconf 86' lang='lat' dir='ltr'><strong>dum</strong></span> <span class='ocrx_word' id='word_1_216' title='bbox 814 3152 866 3193; x_wconf 91' lang='lat' dir='ltr'><strong>ees</strong></span> <span class='ocrx_word' id='word_1_217' title='bbox 888 3134 918 3193; x_wconf 92' lang='lat' dir='ltr'><strong>in</strong></span> <span class='ocrx_word' id='word_1_218' title='bbox 942 3132 1138 3213; x_wconf 86' lang='lat' dir='ltr'><strong>allegoricos,</strong></span> <span class='ocrx_word' id='word_1_219' title='bbox 1161 3138 1221 3192; x_wconf 82' lang='lat' dir='ltr'><strong>tro·</strong></span> 
     </span>
     <span class='ocr_line' id='line_1_32' title="bbox 301 3214 1221 3301; baseline -0.005 -22"><span class='ocrx_word' id='word_1_220' title='bbox 301 3220 481 3301; x_wconf 81' lang='lat' dir='ltr'><strong>pologicos,</strong></span> <span class='ocrx_word' id='word_1_221' title='bbox 518 3218 728 3297; x_wconf 83' lang='lat' dir='ltr'><strong>anagogicos,</strong></span> <span class='ocrx_word' id='word_1_222' title='bbox 769 3216 919 3295; x_wconf 87' lang='lat' dir='ltr'><strong>litersles,</strong></span> <span class='ocrx_word' id='word_1_223' title='bbox 962 3214 1221 3297; x_wconf 72' lang='lat' dir='ltr'><strong>grammaticales,</strong></span> 
     </span>
     <span class='ocr_line' id='line_1_33' title="bbox 301 3298 1221 3378; baseline -0.004 -16"><span class='ocrx_word' id='word_1_224' title='bbox 301 3303 464 3363; x_wconf 81' lang='lat' dir='ltr'><strong>historicos</strong></span> <span class='ocrx_word' id='word_1_225' title='bbox 491 3317 600 3362; x_wconf 88' lang='lat' dir='ltr'><strong>sensus</strong></span> <span class='ocrx_word' id='word_1_226' title='bbox 632 3300 864 3378; x_wconf 81' lang='lat' dir='ltr'><strong>transformant,</strong></span> <span class='ocrx_word' id='word_1_227' title='bbox 897 3306 929 3360; x_wconf 91' lang='lat' dir='ltr'><strong>et</strong></span> <span class='ocrx_word' id='word_1_228' title='bbox 956 3298 1171 3360; x_wconf 83' lang='lat' dir='ltr'><strong>transfundunt</strong></span> <span class='ocrx_word' id='word_1_229' title='bbox 1190 3299 1221 3359; x_wconf 90' lang='lat' dir='ltr'><strong>in</strong></span> 
     </span>
     <span class='ocr_line' id='line_1_34' title="bbox 302 3385 1149 3464; baseline -0.005 -18"><span class='ocrx_word' id='word_1_230' title='bbox 302 3386 407 3446; x_wconf 90' lang='lat' dir='ltr'><strong>nescio</strong></span> <span class='ocrx_word' id='word_1_231' title='bbox 429 3403 505 3464; x_wconf 89' lang='lat' dir='ltr'><strong>quas</strong></span> <span class='ocrx_word' id='word_1_232' title='bbox 527 3385 665 3445; x_wconf 85' lang='lat' dir='ltr'><strong>lacunas.</strong></span> <span class='ocrx_word' id='word_1_233' title='bbox 880 3398 881 3401; x_wconf 73' lang='grc'>’</span> <span class='ocrx_word' id='word_1_234' title='bbox 1147 3418 1149 3427; x_wconf 79' lang='lat'><em>=</em></span> 
     </span>
    </p>

    <p class='ocr_par' dir='ltr' id='par_1_7' title="bbox 258 3462 1229 3800">
     <span class='ocr_line' id='line_1_35' title="bbox 385 3462 1225 3546; baseline -0.002 -17"><span class='ocrx_word' id='word_1_235' title='bbox 385 3468 434 3529; x_wconf 80' lang='lat' dir='ltr'><strong>Ad</strong></span> <span class='ocrx_word' id='word_1_236' title='bbox 456 3474 577 3529; x_wconf 85' lang='lat' dir='ltr'><strong>veteres</strong></span> <span class='ocrx_word' id='word_1_237' title='bbox 600 3466 705 3541; x_wconf 79' lang='lat' dir='ltr'><strong>redeo,</strong></span> <span class='ocrx_word' id='word_1_238' title='bbox 727 3484 806 3546; x_wconf 88' lang='lat' dir='ltr'><strong>quos</strong></span> <span class='ocrx_word' id='word_1_239' title='bbox 828 3465 977 3525; x_wconf 83' lang='lat' dir='ltr'><strong>hactenus</strong></span> <span class='ocrx_word' id='word_1_240' title='bbox 991 3464 1055 3525; x_wconf 88' lang='lat' dir='ltr'><strong>dixi</strong></span> <span class='ocrx_word' id='word_1_241' title='bbox 1067 3462 1225 3544; x_wconf 78' lang='lat' dir='ltr'><strong>Scriptura</strong></span> 
     </span>
     <span class='ocr_line' id='line_1_36' title="bbox 258 3547 1222 3631; baseline -0.006 -18"><span class='ocrx_word' id='word_1_242' title='bbox 258 3622 262 3629; x_wconf 25' lang='lat'>¹</span> <span class='ocrx_word' id='word_1_243' title='bbox 302 3553 396 3631; x_wconf 70' lang='lat' dir='ltr'><strong>sbub,</strong></span> <span class='ocrx_word' id='word_1_244' title='bbox 417 3553 478 3612; x_wconf 84' lang='lat' dir='ltr'><strong>iam</strong></span> <span class='ocrx_word' id='word_1_245' title='bbox 494 3569 567 3611; x_wconf 82' lang='lat' dir='ltr'><strong>vero</strong></span> <span class='ocrx_word' id='word_1_246' title='bbox 582 3559 614 3611; x_wconf 87' lang='lat' dir='ltr'><strong>et</strong></span> <span class='ocrx_word' id='word_1_247' title='bbox 628 3569 731 3611; x_wconf 87' lang='lat' dir='ltr'><strong>errare</strong></span> <span class='ocrx_word' id='word_1_248' title='bbox 748 3566 974 3629; x_wconf 87' lang='lat' dir='ltr'><strong>saepenumero</strong></span> <span class='ocrx_word' id='word_1_249' title='bbox 990 3548 1069 3619; x_wconf 84' lang='lat' dir='ltr'><strong>dico.</strong></span> <span class='ocrx_word' id='word_1_250' title='bbox 1098 3547 1222 3623; x_wconf 77' lang='lat' dir='ltr'><strong>Quaeso</strong></span> 
     </span>
     <span class='ocr_line' id='line_1_37' title="bbox 303 3630 1229 3717; baseline -0.008 -21"><span class='ocrx_word' id='word_1_251' title='bbox 303 3637 425 3717; x_wconf 87' lang='lat' dir='ltr'><strong>quoties</strong></span> <span class='ocrx_word' id='word_1_252' title='bbox 439 3636 543 3715; x_wconf 84' lang='lat' dir='ltr'><strong>lapsus</strong></span> <span class='ocrx_word' id='word_1_253' title='bbox 560 3640 609 3695; x_wconf 89' lang='lat' dir='ltr'><strong>est</strong></span> <span class='ocrx_word' id='word_1_254' title='bbox 619 3632 845 3712; x_wconf 80' lang='lat' dir='ltr'><strong>Hieronymus?</strong></span> <span class='ocrx_word' id='word_1_255' title='bbox 869 3633 990 3711; x_wconf 86' lang='lat' dir='ltr'><strong>quoties</strong></span> <span class='ocrx_word' id='word_1_256' title='bbox 1013 3630 1229 3713; x_wconf 67' lang='lat' dir='ltr'><strong>Augustinus?</strong></span> 
     </span>
     <span class='ocr_line' id='line_1_38' title="bbox 304 3715 1223 3800; baseline -0.01 -19"><span class='ocrx_word' id='word_1_257' title='bbox 304 3721 428 3800; x_wconf 87' lang='lat' dir='ltr'><strong>quoties</strong></span> <span class='ocrx_word' id='word_1_258' title='bbox 441 3717 643 3779; x_wconf 78' lang='lat' dir='ltr'><strong>Ambrosius?</strong></span> <span class='ocrx_word' id='word_1_259' title='bbox 664 3717 731 3777; x_wconf 78' lang='lat' dir='ltr'><strong>Nec</strong></span> <span class='ocrx_word' id='word_1_260' title='bbox 745 3716 825 3775; x_wconf 90' lang='lat' dir='ltr'><strong>enim</strong></span> <span class='ocrx_word' id='word_1_261' title='bbox 844 3721 905 3779; x_wconf 89' lang='lat' dir='ltr'><strong>tam</strong></span> <span class='ocrx_word' id='word_1_262' title='bbox 928 3716 1031 3796; x_wconf 83' lang='lat' dir='ltr'><strong>ignoti</strong></span> <span class='ocrx_word' id='word_1_263' title='bbox 1049 3715 1121 3775; x_wconf 89' lang='lat' dir='ltr'><strong>mihi</strong></span> <span class='ocrx_word' id='word_1_264' title='bbox 1143 3719 1223 3791; x_wconf 89' lang='lat' dir='ltr'><strong>sunt,</strong></span> 
     </span>
    </p>
   </div>
   <div class='ocr_carea' id='block_1_5' title="bbox 304 3986 1223 4197">
    <p class='ocr_par' dir='ltr' id='par_1_8' title="bbox 304 3986 1223 4197">
     <span class='ocr_line' id='line_1_39' title="bbox 376 3986 1223 4061; baseline -0.013 -10"><span class='ocrx_word' id='word_1_265' title='bbox 376 3998 408 4061; x_wconf 83' lang='lat'><strong>1)</strong></span> <span class='ocrx_word' id='word_1_266' title='bbox 429 3996 458 4049; x_wconf 92' lang='lat' dir='ltr'><strong>ln</strong></span> <span class='ocrx_word' id='word_1_267' title='bbox 488 3994 530 4049; x_wconf 88' lang='lat' dir='ltr'><strong>cd.</strong></span> <span class='ocrx_word' id='word_1_268' title='bbox 548 3996 622 4049; x_wconf 82' lang='lat' dir='ltr'><strong>len:</strong></span> <span class='ocrx_word' id='word_1_269' title='bbox 657 4000 754 4049; x_wconf 84' lang='lat' dir='ltr'><strong>nostra</strong></span> <span class='ocrx_word' id='word_1_270' title='bbox 778 3991 966 4054; x_wconf 65' lang='lat' dir='ltr'><strong>mediocrium</strong></span> <span class='ocrx_word' id='word_1_271' title='bbox 991 3989 1129 4045; x_wconf 87' lang='lat' dir='ltr'><strong>Loesoh.:</strong></span> <span class='ocrx_word' id='word_1_272' title='bbox 1150 3986 1223 4040; x_wconf 84' lang='lat' dir='ltr'><strong>alius</strong></span> 
     </span>
     <span class='ocr_line' id='line_1_40' title="bbox 304 4083 1057 4197; baseline -0.012 -74"><span class='ocrx_word' id='word_1_273' title='bbox 304 4083 415 4139; x_wconf 66' lang='lat' dir='ltr'><strong>scopus,</strong></span> <span class='ocrx_word' id='word_1_274' title='bbox 990 4128 1057 4197; x_wconf 47' lang='grc'><strong>32.</strong></span> 
     </span>
    </p>
   </div>
   <div class='ocr_carea' id='block_1_6' title="bbox 0 0 1547 4775">
    <p class='ocr_par' dir='ltr' id='par_1_9' title="bbox 0 0 1547 4775">
     <span class='ocr_line' id='line_1_41' title="bbox 0 0 1547 4775; baseline 0 0"><span class='ocrx_word' id='word_1_275' title='bbox 0 0 1547 4775; x_wconf 95' lang='lat' dir='ltr'><strong> </strong></span> 
     </span>
    </p>
   </div>
  </div>
 </body>
</html>
