3075 4775
413 521 548 586 adversm
566 525 775 605 criminationes
793 521 930 631 iohannis
948 522 1032 578 noan
1126 519 1168 597 13

254 715 384 772 mentum
404 707 488 786 lieri,
509 707 667 790 pulchram
689 711 890 778 occmionem
912 709 1169 782 maledictarum

253 794 342 880 semel
363 789 589 876 respondendi,
610 792 664 854 sed
687 795 792 856 omnia
812 800 944 883 tempus
954 793 1085 876 habent,
1104 795 1169 858 hoc

253 873 329 938 nunc
351 879 424 940 satis
446 877 545 940 fuerit
665 933 669 940 ,
1284 943 1296 954 ,

329 959 421 1040 Quod
443 958 584 1022 adductis
603 959 769 1058 aliquotS3
789 966 909 1041 patrum
930 959 1021 1025 ιιιιιιιι
1043 982 1093 1034 me
1113 962 1167 1025 bo
1377 992 1378 999 ι

160 1123 161 1128 ¹
253 1051 327 1106 stem
352 1027 504 1109 ecelesiae
526 1045 716 1141 criminatur,
745 1045 791 1107 sic
811 1044 951 1124 intellige
971 1045 1084 1124 lector,
1112 1066 1169 1126 per

160 1145 162 1162 ⁸
253 1126 410 1190 ecclesiam
428 1127 539 1190 Eccius
562 1129 725 1208 opiniones
747 1147 819 1188 suaa
839 1126 873 1188 'et
890 1127 1019 1193 heroum
1034 1148 1169 1208 suorum,

252 1215 299 1292 qui
320 1212 537 1296 sudaverunt
528 1231 560 1284 ιιι
583 1211 791 1292 indulgentiis,
813 1209 981 1292 significat,
1004 1231 1075 1272 nam
1096 1231 1168 1275 con·

252 1282 385 1359 secrato}
408 1285 455 1356 est
472 1275 555 1356 sedis
578 1302 670 1376 apost
658 1295 788 1374 tolioae,
811 1303 842 1357 et
865 1313 951 1373 more
973 1296 1168 1374 opinatarum

251 1377 374 1440 heroum
400 1397 524 1442 suorum
549 1377 697 1458 loquitur,
725 1377 777 1458 qui
798 1368 967 1458 scripturae
996 1386 1028 1438 et
1049 1385 1168 1458 patrum

164 1488 167 1507 ι
250 1461 346 1522 verbis
368 1468 502 1537 utuntur,
525 1461 609 1521 velut
621 1459 828 1542 Anaxagorae
843 1460 1013 1540 elementis,
1027 1472 1061 1523 ut
1077 1480 1174 1540 quam.

250 1545 375 1624 primum
399 1564 438 1605 ea
459 1545 668 1605 consecrarint
681 1543 748 1604 aedi
760 1544 962 1624 apostolicae,
985 1563 1058 1607 mox
1073 1551 1168 1606 trans·

251 1627 452 1690 substantiata
479 1629 510 1687 in
539 1646 645 1689 eorum
674 1627 830 1704 arbitrium
859 1626 1012 1691 vocabula
1042 1630 1169 1725 (mirum

251 1709 345 1787 dictu)
372 1709 533 1792 quodlibet
553 1729 592 1770 ex
614 1710 752 1790 quolibet
773 1709 867 1788 liunt,
903 1711 994 1772 etiam
1020 1710 1100 1770 id
1075 1712 1174 1793 signi

251 1793 338 1856 boare
359 1795 489 1872 idonea,
518 1812 597 1876 quae
625 1793 675 1854 vel
694 1813 752 1890 pop
771 1793 928 1854 sebrem
919 1795 978 1873 ipsi
1006 1796 1173 1877 somniant,-

160 1907 161 1912 ι
251 1875 298 1938 vel
319 1897 375 1958 per
397 1875 555 1938 muliebris
576 1875 711 1938 invidiae
723 1877 945 1957 impotentiam
967 1876 1107 1940 delirant

329 1962 473 2041 Denique
495 1967 557 2022 tam
579 1949 741 2021 infeliciter
768 1979 843 2027 auae
870 1961 914 2022 eis
941 1959 1055 2022 aedunt
1081 1960 1170 2022 disci·
1226 2030 1230 2040 x

160 2107 161 2118 q
251 2043 359 2124 plinae,
381 2053 418 2106 ut
438 2043 528 2106 hoo
519 2063 629 2123 ipsum,
653 2041 735 2124 quod
754 2043 868 2104 bonum
892 2042 1073 2122 didicerunt,
1095 2064 1176 2107 nnit-

160 2137 161 2144 ’
252 2146 339 2208 qnam
361 2129 444 2190 bene
464 2125 653 2207 intelligant
676 2135 707 2187 et
722 2129 815 2208 juxta
842 2127 1084 2207 apostolum*),
1106 2147 1177 2198 non
1282 2133 1288 2142 '

252 2209 434 2293 intelligunt,
456 2229 557 2290 neque
579 2209 651 2290 quid
675 2209 856 2291 loquuntur,
878 2229 979 2290 neque
1001 2209 1040 2272 de
1062 2159 1228 2290 quibus..

160 2302 167 2356 5
253 2293 421 2373 affirmant,
450 2294 511 2354 hoc
532 2302 593 2371 est,
617 2313 676 2368 neo
695 2291 908 2391 praedicatum
930 2312 999 2357 oum
1021 2295 1181 2374 subiecto
1252 2356 1256 2360 .

254 2399 309 2441 neo
329 2377 503 2441 subiectum
531 2397 599 2439 oum
626 2360 836 2459 praedicato
827 2398 858 2437 ιιι
881 2375 1094 2458 propositione
1122 2398 1177 2439 ca
1249 2381 1258 2413 ¹
1300 2434 1304 2442 ,

160 2478 162 2529 4
253 2464 388 2543 tegorioa
417 2480 605 2543 componere
635 2460 727 2523 docti.
777 2459 941 2541 Speremus
962 2461 1112 2540 futurum,
1139 2469 1173 2523 ut

255 2545 342 2607 simili
366 2546 551 2609 dexteritate
573 2552 604 2607 et
624 2544 686 2605 alia
708 2545 886 2609 testimonia
907 2543 997 2607 nobis
1012 2545 1175 2625 p·rodnctu

255 2648 301 2689 rus
323 2630 394 2691 sit
386 2649 419 2691 ιιι
440 2629 540 2689 futura
562 2626 780 2709 disputatione,
803 2647 842 2688 ne
864 2626 952 2707 desit,
975 2628 1058 2707 quod
1081 2631 1174 2709 etiam

255 2714 335 2791 pueri
366 2711 497 2773 rideant.
552 2710 767 2808 speraveram,
801 2710 913 2773 Eccius
943 2711 1102 2781 didicisset
1134 2731 1175 2773 ex

256 2796 385 2875 epistola
405 2795 526 2859 Erasini
541 2793 698 2855 literarum
720 2791 877 2875 principis',
900 2802 963 2867 tum
985 2796 1077 2855 eal)
1093 2794 1176 2854 Carl-

256 2879 340 2941 atadii
361 2880 480 2939 invicta
501 2873 697 2975 apologia&
729 2861 954 2948 hebetudinem
977 2878 1086 2957 capitia
1117 2877 1174 2952 sui,

257 2981 355 3021 verum
378 2963 499 3043 patient
499 2962 529 3021 ia
487 2960 685 3026 tEooiana
707 2962 804 3023 vincit
824 2962 946 3037 omnia,
968 2963 1042 3021 satis
1065 2967 1127 3037 eat
1150 2961 1182 3020 si

257 3047 359 3107 ceteris
384 3044 527 3108 omnibus
556 3045 733 3125 displiceat
766 3045 825 3105 sibi
846 3044 957 3106 saltem
980 3052 1012 3105 et
1032 3042 1176 3112 heroibus

259 3128 316 3189 suis
333 3120 467 3209 placeat
527 3162 533 3175 ·
639 3158 641 3168 ·

336 3210 430 3287 Quod
451 3216 554 3272 autem
578 3231 625 3271 me
646 3206 835 3275 haereticum
858 3217 891 3271 et
911 3209 1082 3274 Bohemum
1104 3229 1176 3275 con·

259 3294 396 3373 soeierat,
418 3294 542 3365 dicens
564 3314 613 3355 me
634 3294 732 3375 ignire
754 3301 874 3354 veteres
897 3294 1016 3360 cinerea
1039 3303 1097 3355 eto.
1119 3315 1176 3375 pro

258 3378 409 3439 modestia
436 3397 493 3438 sua
520 3376 594 3437 lacit
582 3385 673 3438 taut
698 3395 755 3458 pro
785 3375 888 3452 officio
924 3380 1182 3459 consecrationis,

260 3478 316 3539 qna
336 3460 483 3542 quidquid
506 3467 670 3523 consecrat
690 3467 905 3523 consecratum
928 3469 985 3537 est,
1007 3462 1093 3525 nullo
1114 3463 1177 3523 alio
1282 3530 1293 3549 s

260 3563 327 3606 usos
352 3544 532 3623 chrismate,
564 3563 655 3624 qoam
677 3562 799 3609 veneno
821 3543 1050 3626 linguae-suae.

338 3628 385 3689 Tu
407 3647 482 3690 vero
506 3630 565 3704 (ne
587 3627 649 3689 hoc
671 3628 744 3689 mali
765 3628 900 3687 nominis
922 3626 1110 3709 agnoscam)
1133 3630 1178 3693 in.-

262 3712 344 3773 ierim
377 3713 472 3791 scias,
512 3710 692 3791 mi'leotor,
728 3730 778 3771 me
805 3709 844 3770 de
878 3712 1057 3773 monarchia
1085 3712 1183 3780 Rom..

262 3792 378 3859 Pontifi.
422 3814 486 3857 non
504 3812 660 3876 ¹spernere
689 3793 897 3857 venerabilem
917 3815 1109 3872 oonacpsum.
1131 3802 1182 3865 tot
1211 3796 1214 3803 ’

271 3930 518 3943 οιιῇ--ι--αιι-

315 4002 345 4137 ii
364 4001 552 4133 wesdis:
571 4076 649 4133 itm
652 4100 685 4121 τ·
704 4070 845 4140 apologis,
862 4070 988 4126 durrat·
975 4086 1010 4123 ιιι
1027 4068 1099 4123 adit
1112 4064 1184 4117 lan.
