3075 4775
488 598 492 610 ,
569 552 588 589 a
605 536 725 590 Notariis
743 542 870 607 excepta
1109 536 1170 603 ιιι
1211 500 1214 515 ι
1278 622 1281 629 ι

247 722 282 787 D.
308 720 402 795 Pater,
424 720 500 783 meri
501 726 535 781 to
501 721 656 782 linerat
675 740 695 781 a
716 740 765 782 me
795 720 1026 784 oonlutandum.
1057 723 1169 794 Dimis

247 806 284 867 sis
308 766 457 883 aliquibus
478 803 561 883 duos
579 804 687 865 saltem
709 806 939 901 oonspioismus
960 807 1059 867 loaos.
1166 804 1172 857 3

324 887 432 951 Mattb
389 891 483 952 tb-
505 886 606 949 noluit
625 906 680 967 per
700 906 857 950 aaroerem
878 889 1007 971 intelligi
1021 896 1169 971 purgato

248 972 332 1049 ιιιιιιι,
354 972 431 1049 quia
452 976 486 1031 et
505 970 703 1051 Augustinus,
726 972 946 1051 quodmiuime
969 993 1019 1033 me
1041 974 1170 1055 istebat,

248 1073 477 1135 pernumerem
500 1054 653 1116 infernum
673 1056 827 1135 intelligit.
853 1055 944 1116 Addo
966 1057 1047 1117 ultra
1069 1058 1105 1119 D
1116 1058 1171 1118 Pa

243 1147 342 1213 „bem
369 1137 629 1217 chrysostomum
649 1139 823 1219 intelligere
843 1147 1040 1236 praesentem
1064 1142 1170 1217 ιιιιιι,

247 1221 299 1285 sed
319 1220 486 1283 reatiorem
506 1240 576 1281 esse
588 1221 743 1284 Ambrosii
765 1224 961 1303 sententiam,
984 1224 1036 1283 uel
1059 1188 1171 1285 salleni
1249 1223 1251 1231 ’

247 1326 306 1368 non
328 1304 607 1384 contemnendam,
629 1307 680 1384 qui
701 1325 757 1385 per
779 1324 935 1367 esroerem
956 1309 1169 1387 purgatorium
1274 1358 1277 1362 .

246 1389 404 1469 intelligit,
426 1388 521 1451 verba
543 1387 654 1451 Christi
676 1389 737 1450 hoa
758 1389 916 1470 indicant,
947 1388 1060 1450 debere
1082 1389 1170 1451 illum

246 1473 367 1537 solvere
389 1490 488 1551 usque
510 1470 549 1531 ad
575 1473 775 1533 nouissimum
798 1472 1000 1552 quadrantem
1025 1475 1079 1555 ¹),
1115 1474 1170 1535 sed

246 1559 276 1617 in
295 1555 424 1621 inferno.
441 1556 527 1617 nulla
547 1562 594 1616 est
615 1556 744 1632 solutio,
766 1558 846 1616 siout
866 1556 951 1616 nulla
963 1562 1012 1617 est
1031 1556 1171 1638 redemp-

245 1642 293 1704 tio.
314 1638 427 1718 Neque
448 1639 534 1701 ιιιιιιι
556 1638 677 1699 additus
699 1639 739 1700 ad
758 1640 913 1719 Ambrosii
944 1643 1172 1720 expositione-

247 1723 389 1786 relellere
410 1730 524 1802 potest,
546 1722 631 1801 quod
651 1723 683 1781 in
705 1723 1040 1785 eareeremtrudendns
1062 1744 1171 1804 peasa-

246 1809 321 1870 verit
352 1806 533 1868 mortaliter.
575 1805 728 1880 Quoniam
760 1813 792 1867 et
823 1814 949 1888 propter
969 1817 1098 1887 pearata
1119 1828 1170 1869 ve-

244 1890 335 1950 nialia
349 1896 381 1949 ιι
403 1896 529 1969 propter
540 1896 670 1968 peoaata
681 1890 832 1967 mortalia,
855 1898 959 1950 tamen
971 1892 1113 1968 contrita,
1136 1893 1168 1951 in

244 1973 422 2070 purgatorio
445 1974 619 2067 puniuntur,
643 1972 726 2051 qnod
746 1992 787 2033 ex
809 1973 1005 2034 Maehsbaeis
1028 1972 1064 2057 ι)
1090 1976 1167 2034 soei

244 2058 354 2137 pimus,
377 2055 449 2115 dum
472 2056 586 2135 inquit:
609 2054 722 2117 Sancta
743 2064 775 2116 et
796 2057 926 2117 salubris
949 2064 1091 2137 asterga
1119 2077 1170 2119 es·

244 2141 350 2220 gitatio
373 2158 431 2219 pro
453 2138 604 2199 delunotis
626 2158 772 2218 exorare,
791 2147 825 2200 ut
845 2160 864 2201 a
886 2142 1021 2220 peoeatis
1043 2142 1168 2201 soltan-

244 2230 296 2285 tur.
331 2222 373 2284 Hi
395 2222 488 2300 enim,
508 2222 560 2301 qni
581 2224 677 2290 ooaisi
696 2184 827 2301 luerbnt,
852 2230 883 2288 et
904 2243 960 2303 pro
984 2226 1095 2303 quibus
1116 2212 1168 2285 ιιι·

246 2306 297 2369 das
305 2304 513 2367 lilaehabaeus
524 2305 697 2370 oblationes
719 2306 801 2384 teuit,
824 2316 1030 2385 psooaverant
1053 2316 1170 2368 morta

244 2390 308 2452 liter·
328 2397 466 2487 propter
489 2390 594 2469 spolia
631 2389 805 2469 idolorum,
838 2393 979 2470 quamvis
1000 2391 1169 2453 erodant-nr

246 2474 436 2556 poenituisse
458 2474 490 2532 in
512 2475 579 2552 ipsa
600 2473 708 2551 assde,
731 2437 817 2536 inxtb
838 2474 976 2554 glossam
992 2475 1090 2536 ordin.
1112 2476 1171 2536 ibi·

246 2537 325 2635 debr,
349 2563 382 2617 et
402 2554 479 2618 illud
500 2555 580 2618 Psal.
590 2556 665 2638 **):
710 2556 787 2617 Dum
810 2557 966 2619 obsideret
988 2578 1053 2637 ιοι,
1076 2574 1167 2638 quse

248 2641 354 2702 rebant
377 2659 457 2700 eum

329 2722 465 2801 Quarto,
493 2721 565 2782 dum
594 2694 820 2803 apertissimum
842 2723 928 2784 Pauli
951 2722 1085 2803 apostoli
1125 2723 1171 2784 lo-

250 2826 314 2868 oum
345 2811 375 2871 1.
398 2805 534 2868 Corintb
492 2807 586 2868 t.3
607 2805 822 2883 adduxissem,
852 2824 943 2885 quem
966 2807 1165 2886 Augustinus,

250 2880 460 2968 Ambrosius,
472 2889 686 2968 Hieronymus,
708 2889 886 2970 Gregorius,
910 2889 1091 2967 Berffnardus
1116 2890 1167 2949 lsi·

252 2975 350 3054 dorus,
374 2993 445 3034 eum
466 2972 572 3053 glossa
586 2971 684 3036 ordin
707 2973 881 3054 intelligunt
904 2972 972 3033 de
964 2992 1037 3053 igne
1058 2992 1169 3053 purga

252 3061 325 3138 torti,
345 3058 461 3120 fatetur
481 3055 639 3117 reverend.
673 3057 763 3118 Pater
785 3076 819 3116 se
840 3075 1019 3136 germanum
1043 3072 1179 3116 sensum‘

251 3141 334 3203 huius
355 3141 420 3202 loai
442 3158 506 3202 non
527 3139 642 3203 habere
656 3184 674 3218 ,i
694 3139 766 3200 ideo
799 3141 984 3220 contemptis
1006 3145 1053 3200 tot
1073 3139 1167 3200 Petri·

252 3224 324 3304 bus,
340 3243 458 3285 novam
479 3223 580 3284 attulit
599 3225 801 3299 sententiam,
824 3223 998 3303 apostolum
1023 3223 1107 3302 loqui
1129 3223 1169 3286 de

251 3309 319 3388 igne
339 3305 608 3386 conflagrationis,
638 3307 711 3385 qnia
731 3307 894 3386 apostolus
915 3307 1088 3366 meminerit
1108 3307 1170 3368 diei

251 3391 383 3466 Domini,
406 3396 439 3451 et
458 3388 541 3472 quod
558 3391 795 3469 uniuscuiusque
812 3409 890 3470 opus
911 3391 991 3470 ignis
1015 3390 1174 3469 probabit3

252 3493 317 3555 ogo,
339 3474 394 3554 qui
413 3492 538 3552 semper
559 3472 661 3533 audivi
680 3474 903 3552 antiquioribus
926 3473 1169 3536 maximeSsne-

251 3559 286 3616 tis
302 3557 392 3632 ¹credi
413 3555 541 3635 debere,
576 3555 608 3617 Β.Ι
628 3556 753 3618 Petrum
784 3559 951 3617 exosoulor
974 3559 1168 3634 sententiam,

252 3648 281 3700 et
300 3660 417 3705 novam
438 3639 523 3700 illum
565 3639 703 3717 lossam,
724 3647 756 3700 et
786 3640 880 3702 verba
900 3641 937 3701 D.
960 3639 1083 3701 Lutheri
1104 3660 1169 3702 non

252 3726 386 3806 asupio,
409 3723 470 3789 nisi
491 3660 637 3803 probetur
660 3723 692 3798 ²)
725 3742 832 3786 saeros
861 3723 1035 3804 Sariptnrae
1057 3725 1167 3799 antori-

290 3995 371 4064 ι)Ιιι
391 3995 435 4049 ed.
458 3965 571 4064 origin.:
591 3997 767 4052 dodrantem
803 3995 833 4058 2)
854 3996 941 4050 lbid..
960 3997 1066 4066 probet.

286 4084 450 4153 )2ιιιι
474 4086 513 4139 12
552 4087 752 4150 **.)Ριιι78
911 4154 988 4220 10*
1087 4100 1096 4112 ·
