3075 4775
349 556 411 622 358
565 560 658 613 Resol.
677 558 706 613 L.
727 574 811 627 super
828 556 1022 627 Prnpositione

433 748 572 827 Denique
605 748 683 808 baeo
709 747 816 828 glossa
853 746 883 806 id
923 747 1106 827 praestabit,
1140 754 1174 806 ut
1209 748 1271 805 iam

350 832 434 891 nulls
457 834 495 892 sit
518 839 654 911 potestas
677 830 779 910 gladii.
805 830 1052 909 quandoquidem
1069 830 1207 909 pontilioi
1227 834 1271 889 to-

351 923 414 974 tum
449 916 555 975 orbem
586 914 764 986 subiiciunt,
799 914 928 973 subiecti
962 918 1037 974 verd
1064 915 1091 973 ei
1114 933 1177 973 nou
1202 922 1274 972 sunt

351 998 409 1058 sub
432 1000 624 1077 imperatoris
646 997 868 1073 iurisdictione,
897 998 954 1056 nisi
977 1016 1059 1058 nova
1081 1004 1111 1055 et
1133 997 1271 1056 humani·

351 1091 399 1142 tus
414 1082 444 1155 ¹)
468 1083 607 1141 instituta
629 1080 797 1140 iurisdictio
821 1081 950 1140 olerioos
973 1082 1058 1141 solos
1080 1080 1212 1155 eximat,
1236 1099 1272 1138 ao

351 1165 446 1225 laioos
475 1165 538 1223 illio
572 1164 732 1243 relinquat.
789 1163 848 1224 Sed
884 1164 944 1222 boo
974 1183 1035 1223 non
1066 1170 1112 1222 est
1142 1162 1270 1222 verbum

352 1248 432 1307 Petri
457 1267 624 1327 exponere,
648 1249 697 1325 qui
722 1266 829 1306 omnes
853 1247 956 1326 gladio
981 1248 1114 1322 subiicit,
1139 1248 1191 1325 qui
1214 1246 1271 1305 sibi

350 1331 477 1390 subieoti
501 1337 580 1392 sunt.
609 1331 655 1389 lla
671 1337 808 1409 pugnant
831 1330 915 1408 leges
938 1330 1095 1390 homiuum
1119 1348 1188 1388 oum
1202 1330 1271 1409 lege

351 1413 417 1474 Dei.
451 1414 552 1487 Quare
575 1413 674 1471 nullus
698 1421 742 1471 eat
766 1420 929 1493 exemptus
952 1433 971 1473 a
993 1419 1148 1492 potestate
1164 1412 1271 1492 gladii,

355 1499 420 1556 sive
443 1497 547 1572 laicus,
571 1499 636 1555 sive
655 1496 767 1577 galerus,
792 1498 850 1555 uisi
872 1503 1017 1575 quantum
1041 1498 1108 1575 ipsa
1130 1502 1270 1575 potestas

349 1580 442 1659 gladii
478 1580 606 1638 donavit
638 1597 674 1638 ae
703 1580 850 1658 permisit.
895 1579 979 1641 Sicut
1013 1579 1084 1639 olim
1121 1579 1269 1639 haeretiei

349 1671 488 1741 tempore
509 1663 672 1742 Augustini
696 1662 900 1741 puniebantur
922 1669 1077 1741 potestate
1099 1661 1210 1743 gladii,
1241 1670 1271 1721 et

348 1748 440 1806 etiam
463 1765 544 1804 nuno
568 1766 622 1825 per
651 1747 762 1824 ignem.
808 1745 898 1820 Quod
927 1746 1011 1805 nullo
1041 1744 1134 1805 modo
1163 1745 1271 1804 lioeret

348 1828 423 1905 lieri,
446 1831 471 1887 si
495 1828 706 1888 eoolesiestioa
727 1828 898 1890 iurisdictio
921 1834 1004 1888 esset
1019 1830 1090 1888 iuris
1105 1828 1210 1904 divini,
1234 1847 1272 1887 ea

348 1914 478 1988 seilicet,
502 1931 561 1990 qua
584 1912 716 1990 exempti
740 1918 810 1971 sunt
832 1913 934 1972 olerioi
958 1933 976 1971 a
996 1911 1090 1990 gladii
1104 1914 1269 1989 potestate.

347 1996 387 2054 Et
409 1997 488 2055 siout
509 1994 601 2055 bodie
622 1994 717 2055 babet
739 1995 888 2055 olerioalis
912 2002 1025 2068 statua,
1046 1994 1154 2053 melius
1178 2000 1270 2069 esset,

349 2078 477 2137 sublatis
500 2078 756 2157 exemptionibus.
776 2098 894 2138 rursum
917 2078 1021 2159 gladio
1043 2078 1150 2137 subiioi
1183 2078 1269 2136 iuxta

349 2167 546 2239 praeseptum
569 2161 650 2219 Petri
680 2169 709 2219 et
732 2161 815 2220 Pauli
842 2181 949 2221 omnes
979 2162 1094 2237 clema,
1125 2168 1157 2219 ut
1186 2162 1271 2239 puni-

348 2248 460 2319 rentur,
484 2250 555 2301 tuno
578 2244 710 2302 eeclesia
734 2245 841 2303 melius
864 2245 1007 2321 haberet,
1033 2246 1142 2303 timore
1175 2242 1270 2323 gladii

346 2327 480 2404 peeoatis
505 2327 662 2404 ooereitis3
695 2346 777 2385 nune
800 2334 901 2388 autem
928 2330 989 2388 suis
1013 2326 1131 2407 legibus
1145 2328 1270 2407 impune

347 2409 468 2468 aluntur
489 2411 518 2467 iu
541 2429 632 2469 omne
657 2410 778 2468 malum,

432 2492 538 2551 Potest
559 2500 660 2552 autem
685 2499 823 2572 potestas
842 2493 936 2573 gladii
951 2493 1033 2552 clero
1049 2495 1183 2572 gratuito
1198 2512 1269 2553 oon-

347 2575 457 2635 eedere
481 2595 567 2635 suum
591 2578 731 2655 rigorem.
780 2578 909 2654 Verum,
939 2576 963 2635 si
985 2575 1014 2634 id
1037 2575 1135 2636 nollet
1155 2575 1269 2653 faeere,

346 2678 408 2719 nou
431 2666 538 2737 posset
560 2661 646 2740 oogi,
670 2678 728 2718 neo
750 2659 819 2718 ullis
844 2658 1022 2738 pontificum
1054 2659 1186 2718 deoretis
1216 2661 1269 2718 im·

347 2742 452 2821 pediri.
496 2741 566 2800 Non
597 2744 676 2801 enim
705 2742 821 2802 habent
851 2750 1036 2822 potestatem
1067 2741 1161 2821 gladii
1186 2761 1270 2803 ooer·

346 2824 451 2902 oendi,
485 2843 576 2903 quem
599 2826 681 2885 Deus
716 2824 800 2884 dedit
829 2825 922 2884 solus.
972 2824 1038 2884 Neo
1070 2844 1175 2884 verum
1214 2831 1269 2899 est,

303 2935 316 2948 ·
346 2907 427 2986 quod
449 2909 479 2967 in
504 2927 595 2967 manu
618 2908 721 2988 Papae
742 2910 781 2967 sit
803 2907 907 2967 iubere
929 2907 1064 2986 gladium
1087 2909 1197 2987 eximi,
1220 2911 1269 2968 vel

346 2989 446 3069 eondi,
468 2990 564 3051 libera
586 2998 634 3051 est
654 2998 793 3070 potestas
816 2991 910 3071 gladii
934 3011 952 3049 a
976 2991 1041 3051 Deo
1065 2992 1190 3068 oollata,
1214 2995 1269 3052 sie-

346 3081 377 3133 ut
404 3081 436 3134 et
458 3093 549 3154 supra
571 3073 661 3147 dixit,
685 3074 766 3152 quod
789 3077 819 3133 in
839 3074 1056 3153 temporalibus
1074 3093 1142 3134 eam
1156 3074 1271 3136 habeat

343 3159 520 3236 imperator,
543 3158 593 3216 ubi
615 3160 646 3216 iu
670 3157 810 3217 omnibus
834 3157 935 3217 dieere
959 3157 1079 3236 debuit,
1101 3157 1181 3218 adeo
1206 3177 1268 3219 nou

346 3241 446 3316 potuit
468 3242 593 3300 omuino
627 3260 758 3320 negare,
794 3240 928 3321 gladium
959 3260 1020 3301 non
1050 3259 1118 3300 esse
1152 3243 1183 3300 iu
1213 3261 1268 3301 sua

343 3341 446 3382 manu.

425 3405 581 3465 Potuisses
610 3412 711 3465 autem
743 3407 991 3485 praerogativam
1028 3406 1192 3468 sacerdotii
1228 3427 1267 3465 ex

345 3506 382 3545 eo
407 3489 508 3566 potius
531 3489 714 3568 intelligere,
738 3488 819 3568 quod
843 3490 954 3549 dietum
979 3504 1039 3563 est,
1064 3509 1126 3550 uon
1151 3509 1169 3548 a
1192 3509 1265 3569 quo-

343 3569 425 3641 libet,
449 3571 502 3629 sed
526 3591 543 3630 a
565 3573 643 3645 Deo,
666 3591 728 3631 non
750 3573 825 3652 regi,
850 3572 904 3632 sed
927 3573 1096 3642 sacerdoti,
1131 3591 1195 3633 non
1227 3573 1267 3634 de

344 3654 430 3732 regia
453 3655 561 3733 stirpe,
594 3655 647 3714 sed
671 3655 709 3714 de
742 3654 927 3733 sacerdotali
959 3657 1105 3735 prosapia
1138 3656 1266 3716 deseen-

343 3736 443 3811 denti,
465 3736 502 3795 de
528 3737 738 3798 sacerdotibus
761 3738 920 3817 videlieet,
945 3741 996 3817 qui
1020 3745 1107 3798 eraut
1128 3740 1158 3799 in
1185 3741 1265 3800 Ana-

342 3820 474 3891 totb*):
505 3819 587 3879 Eece
610 3823 752 3880 constitui
771 3828 801 3882 te
816 3840 908 3901 super
919 3829 1027 3901 gentes
1050 3827 1081 3882 et
1102 3843 1210 3903 regna,
1232 3831 1267 3884 ul

234 3962 236 3967 ,
342 3903 456 3961 evellas
481 3908 510 3961 et
533 3901 673 3979 dissipes,
697 3904 841 3964 aedifices
865 3912 895 3964 et
918 3905 1050 3984 plantes,

415 4074 441 4138 Ι]
463 4073 494 4123 ln
515 4071 557 4123 ed.
577 4073 660 4140 orig:
682 4075 851 4126 humanitas.
919 4072 949 4140 *J
970 4073 1069 4131 larem.
1091 4076 1114 4130 1.
