3075 4775
362 536 425 605 212
568 539 721 607 Disputuu'o
738 538 847 608 Lipsiae
863 496 958 594 hunus
975 554 1003 594 a.
1023 538 1086 622 XIX

363 726 407 790 iu
428 723 513 803 fieri,
535 725 579 785 itu
600 725 706 803 statui,
729 725 812 823 quod
834 730 897 785 tam
917 730 1084 804 peccantes
1105 743 1196 804 quam
1217 742 1294 804 peo-

365 816 435 871 cata
457 772 659 887 reserventur,
684 814 715 869 et
736 810 803 869 uui
811 810 932 870 animae
953 827 1009 869 sex
1028 809 1079 869 vel
1100 815 1217 887 septem
1235 828 1294 887 pa·

367 899 469 953 stores
494 892 664 953 secundum
689 890 791 954 subet
812 892 1120 972 suprarmponantur
1163 891 1225 953 sed
1251 912 1295 951 an

315 954 407 1062 ite
431 974 544 1037 debeat
566 977 649 1055 tieri,
680 982 734 1035 aut
761 975 923 1056 expediat,
951 994 1015 1035 non
1037 974 1174 1038 definio.
1204 974 1294 1053 Scio,

331 1031 448 1139 quod
470 1058 620 1123 inferiunt
608 1066 731 1119 tenetur
745 1058 944 1120 obedire
880 1077 930 1118 res
932 1059 1086 1139 tuingenti
1099 1066 1131 1119 et
1151 1059 1295 1135 vexanti,

366 1161 540 1222 quanquam
572 1143 695 1203 nullo'
687 1161 752 1203 rure
774 1142 889 1205 divino.
933 1139 1083 1221 Superior
1100 1150 1221 1238 tamen,
1261 1149 1297 1201 ut

366 1226 440 1286 dicit
458 1224 630 1287 Conclusio
652 1244 735 1304 mea,
756 1227 937 1306 gravissime
958 1233 1083 1305 peccat,
1106 1227 1132 1284 si
1153 1232 1298 1285 reservet

366 1309 488 1370 occulta
508 1316 653 1390 peccate·
659 1311 726 1369 sine
746 1309 1132 1386 rationabilissimaoausn,
1152 1310 1215 1394 imo
1240 1308 1296 1369 ad-
1376 1373 1378 1376 ,

366 1392 426 1453 huc
447 1392 565 1472 dubita,
587 1398 618 1453 et
634 1399 781 1474 quantum
797 1394 897 1473 capio,
919 1391 1049 1453 uredo'
1025 1412 1091 1453 srne
1106 1379 1296 1471 temeritate,

368 1476 484 1536 nullum
520 1476 674 1537 occultum
707 1483 870 1556 peccatum
908 1474 1021 1537 debere
1053 1476 1202 1537 reservari
1236 1485 1296 1537 aut

365 1577 470 1639 posse,
495 1567 605 1640 optans
628 1558 733 1623 audire
755 1558 971 1640 probationem
995 1561 1190 1621 annuariam.

448 1642 591 1703 Secundo
622 1642 721 1720 dicos
744 1643 878 1704 ecclesia
907 1662 970 1703 uon
993 1649 1077 1703 esset
1096 1644 1230 1721 ruitura,
1245 1644 1294 1702 *si

365 1725 446 1787 idem
469 1726 636 1806 plebanus,
660 1728 842 1806 episcopus,
866 1726 1131 1807 archiepiscopus,
1155 1733 1187 1786 et
1206 1745 1296 1806 papa

272 1864 276 1869 .
366 1815 466 1887 esset,
496 1828 534 1870 ac
555 1810 623 1870 sola
645 1809 814 1871 concordia
835 1810 1040 1889 cohaerente,
1058 1817 1096 1871 ut
1118 1810 1297 1889 Cyprianus

365 1894 418 1972 ait,
441 1898 473 1953 et
494 1894 573 1954 sieut
595 1913 667 1953 usus
685 1894 796 1973 prioris
818 1894 971 1954 ecclcsiae
993 1894 1059 1971 fuit,
1081 1895 1295 1973 iungerentur.

336 2000 341 2011 ·
389 2022 392 2027 .
448 1976 598 2055 Proinde,
631 1976 713 2057 quod
736 1983 767 2037 et
788 1976 950 2037 damnatus
973 1977 1066 2037 fertur
1087 1976 1235 2036 articulus
1260 1978 1294 2037 in

366 2061 595 2124 Constantiensi
618 2060 751 2121 coneilio
774 2059 812 2121 de
833 2061 900 2121 istis
921 2060 1197 2138 reservationibus,
1228 2079 1295 2121 non

365 2144 440 2203 setis
463 2162 545 2206 curo.
568 2142 641 2210 Hoc
662 2145 737 2225 scio,
762 2143 845 2223 quod
867 2144 1015 2224 probatus
1036 2145 1108 2224 fuit,
1131 2151 1162 2204 et
1184 2162 1293 2223 repro-

364 2225 437 2288 bata
457 2228 518 2286 ista
541 2228 710 2289 reservatio
733 2228 765 2287 in
788 2228 942 2307 primitiva
963 2227 1097 2288 ecelesia
1119 2234 1154 2287 et
1171 2228 1293 2287 institu-

365 2310 450 2371 tione
471 2311 703 2392 apostolorum,
738 2318 769 2373 et
799 2330 881 2371 nunc
903 2329 1043 2392 quoque,
1065 2318 1098 2371 ut
1118 2312 1295 2371 miserrima

366 2395 518 2458 ecelesiae
541 2396 732 2476 experientia
754 2393 862 2474 docet,
884 2402 967 2456 esset
989 2395 1167 2456 utilissimus
1190 2402 1223 2455 et
1245 2415 1292 2455 sa-

271 2491 273 2506 ·
365 2477 546 2540 luberrimus
582 2477 621 2539 ad
645 2477 818 2540 coercenda
838 2486 969 2559 peecata
990 2486 1022 2540 ct
1044 2478 1213 2540 tollendam
1239 2478 1288 2538 de·

264 2551 272 2576 ¹
366 2562 536 2622 testabilem
552 2563 763 2623 confusionem
777 2564 912 2623 omnium
927 2564 1173 2644 episcopatuum,
1196 2580 1292 2641 quam

365 2644 460 2707 hodie
482 2645 630 2726 videmus.
674 2645 742 2720 Qua
765 2665 859 2706 causa
881 2653 984 2721 autem
1007 2647 1048 2706 sit
1068 2665 1124 2707 suo
1146 2653 1293 2725 tempore

366 2735 516 2808 mutatus,
547 2737 681 2791 transeo.
710 2730 903 2792 ¹Mutabilcm
926 2731 1072 2806 invenio,
1109 2730 1292 2789 mutabilem

365 2813 516 2893 relinquo.
557 2813 643 2876 Haeo
663 2815 695 2873 iu
709 2812 866 2875 arbitrium
886 2813 1030 2876 iudicum.
1053 2813 1140 2874 Hora
1160 2813 1293 2873 mansiit.

367 2998 514 3075 Quarta
563 2999 712 3065 decima
766 2999 829 3059 die
871 2999 985 3077 Iulii,
1042 2993 1157 3058 ruane‘
1194 2995 1295 3058 hora

592 3082 598 3096 ⁸
745 3101 917 3180 septima.

497 3228 500 3237 ¹
516 3237 715 3300 continuavit
735 3237 847 3297 Eccius
867 3242 989 3316 praeter
1010 3239 1143 3317 pactum.

755 3371 913 3436 Eccius.

448 3539 651 3618 Reverendus
666 3557 723 3616 Pat
711 3563 757 3616 ter
778 3555 817 3617 ab
838 3557 925 3615 initio
939 3562 987 3614 sat
987 3556 1012 3614 is
1030 3555 1199 3652 glorianter
1221 3574 1289 3634 par-

369 3661 398 3700 v1
390 3639 517 3720 'pendit
539 3661 594 3738 per
616 3660 665 3701 me
679 3639 822 3718 adducta,
844 3659 931 3719 quasi
924 3639 1001 3699 'sibi
1013 3640 1136 3698 minime
1154 3637 1290 3732 obstent,

369 3742 450 3803 quae
473 3725 609 3784 maxime
624 3723 835 3785 adversantur.
877 3721 985 3782 Nam¹
977 3742 1044 3818 ipse
1058 3719 1186 3782 voluit
1177 3741 1209 3780 ru
1223 3721 1289 3785 Ser·

327 3830 329 3838 ’
368 3827 462 3868 moue
499 3807 620 3904 vulgari
655 3827 718 3868 non
753 3807 819 3868 fieri
859 3807 1037 3868 commuta
1029 3824 1134 3866 ionem
1166 3823 1289 3902 poenae

367 3893 541 3952 aeternae
533 3911 564 3951 ru
609 3909 720 3951 uenam
741 3889 960 3988 temporalem,
991 3897 1022 3949 et
1043 3890 1184 3969 opinioni
1206 3907 1287 3948 com-

367 3977 451 4041 muni
442 3911 670 4052 'contrariiciu
703 3976 792 4053 quasi
813 3993 876 4035 nou
897 3974 997 4054 possit
1016 3971 1156 4052 probari,
1190 3972 1289 4032 Deum

368 4060 494 4139 exigere
517 4057 650 4136 aliquam
662 4057 913 4135 satisfactionem,
935 4063 1058 4136 practer
1078 4039 1288 4137 portationem
