3075 4775
512 554 583 610 xm.
604 552 796 623 manaan
812 556 913 625 rapu.
1114 550 1176 619 θοι

252 740 425 821 Scriptura,
449 738 535 802 nulla
556 739 616 802 alia
638 758 733 801 causa
752 748 852 820 esset,
874 740 953 803 baec
975 746 1081 803 umen
1101 742 1175 803 satis

254 832 338 885 esset
360 823 402 885 ed
430 823 688 903 compescendam
721 825 927 888 temeritatem
961 825 1177 885 resistentium.

253 907 294 969 m
322 909 384 969 hac
412 907 482 970 sola
504 907 622 967 ratione
644 906 886 987 gloriosissimus
916 914 1032 988 martyr
1053 907 1178 987 Cypria-

254 1010 311 1051 ιιιιι
333 1011 390 1071 per
419 990 532 1052 multas
562 991 712 1069 epistolae
733 988 997 1053 confidentissime
1018 990 1176 1071 gloriatur,

254 1080 365 1135 eontra
385 1091 495 1137 omnes
517 1074 732 1153 cpiscoporum
759 1092 1012 1153 quorumcunque
1034 1073 1175 1137 adversa

256 1159 331 1236 rios,
353 1158 434 1217 sicut
454 1159 484 1221 3.
507 1156 583 1236 Reg.
608 1159 656 1219 12.
680 1156 820 1236 legimus,
843 1156 925 1235 quod
948 1157 1055 1219 decem
1079 1156 1176 1217 tribua

254 1239 351 1301 lsrael
371 1239 580 1304 discesserunt
600 1258 619 1299 a
641 1240 800 1317 Roboam,
831 1239 894 1304 filio
917 1240 1110 1320 Salomonis,
1146 1247 1178 1301 et

254 1332 360 1385 tamen
385 1325 458 1401 quia
480 1321 638 1385 voluntate
660 1323 717 1383 Dei
740 1323 847 1404 sicel)
874 1324 1041 1385 autoritate
1064 1324 1175 1385 iactum

255 1414 315 1485 est,
336 1414 436 1467 ratum
460 1404 540 1485 apud
562 1405 661 1467 Deum
673 1406 750 1469 tuit

340 1489 421 1551 Nam
442 1496 474 1549 et
494 1489 577 1569 apud
602 1490 768 1570 tlreologns
792 1508 899 1551 omnes
924 1490 1065 1553 voluntas
1087 1490 1177 1569 signi,

254 1592 350 1652 quam
371 1579 485 1633 vocant
497 1574 709 1653 operationem
722 1574 791 1651 Dei,
814 1574 987 1635 nonminus
1010 1593 1101 1653 quam
1115 1574 1178 1637 alie

256 1658 351 1736 signa
372 1656 540 1729 voluntatis
563 1656 636 1735 Dei,
668 1664 703 1716 ut
726 1664 910 1736 praecepta,
943 1656 1098 1737 prohibita
1119 1664 1178 1719 etc.

257 1739 426 1802 metuenda
447 1747 505 1799 est
546 1739 621 1799 Ideo
643 1758 707 1801 non
728 1738 836 1819 video,
865 1739 1022 1819 quomodo
1045 1742 1106 1801 aiut
1127 1760 1178 1801 ex·

261 1823 361 1883 euasti
384 1842 403 1881 a
426 1822 598 1882 schismatis
620 1830 717 1899 reatu,
739 1824 792 1901 qui
805 1822 877 1883 huic
896 1824 1178 1885 voluntatieontra·

255 1906 420 1967 venientes
442 1924 512 1965 sese
533 1905 864 1985 aRomanipoutiiicie
887 1908 1051 1969 autoritate
1063 1907 1178 1967 subtra

255 1990 345 2051 bunt.
387 1987 486 2066 Ecce,
507 1979 645 2049 haecest
667 2009 729 2050 una
750 1990 848 2069 prima
870 1990 943 2049 mihi
964 1990 1179 2069 insuperabilis
1276 2012 1283 2022 ·

257 2074 350 2148 rat-io,
372 2090 452 2152 quae
475 2090 524 2133 me
545 2071 668 2134 subiicit
687 2074 830 2134 Romano
842 2072 995 2153 pontifici,
1018 2080 1049 2133 et
1070 2074 1179 2153 prima

262 2165 329 2217 tum
362 2156 427 2215 eius
449 2153 589 2220 confiteri
612 2158 706 2236 cogit.

347 2237 509 2314 Secunda,
543 2240 570 2299 ai
589 2240 676 2301 iuxta
698 2247 895 2319 praeceptum
924 2239 1035 2301 Christi
1070 2239 1181 2301 cedere

258 2321 442 2387 adversario
463 2321 612 2400 iubemur,
634 2330 666 2383 et
686 2324 915 2404 quiangarierit
932 2342 989 2385 noa
1012 2323 1095 2385 mille
1114 2342 1181 2405 pas-

257 2425 331 2482 sus,
363 2405 497 2468 eundum
521 2415 569 2468 eat
597 2424 667 2468 cum
689 2425 728 2469 eo
751 2415 782 2470 ct
800 2408 870 2470 aliis
892 2407 1012 2470 duobus
1035 2407 1183 2470 millibus:

258 2497 378 2569 quanto
401 2492 516 2569 magia,
538 2491 564 2551 ai
585 2489 745 2554 Romanus
761 2491 902 2571 pontifex
915 2493 1052 2572 exegerit
1073 2493 1104 2552 in
1127 2511 1183 2552 auo

260 2575 436 2654 principatu
451 2572 631 2650 cedendum,
654 2575 721 2634 sine
734 2573 766 2633 id
777 2575 856 2636 iuste
870 2575 936 2636 aive
955 2577 1066 2636 iniuste
1078 2576 1184 2656 egerit.

260 2656 341 2717 Nam
359 2655 640 2736 incomparabiliter
657 2658 757 2717 minor
768 2675 817 2718 res
835 2663 892 2737 eat,
915 2660 1102 2738 principatus
1114 2659 1182 2734 iste,

261 2759 355 2820 quam
380 2748 414 2800 ut
434 2741 536 2800 unitas
566 2748 600 2800 et
619 2741 731 2802 caritas
753 2747 787 2800 et
812 2740 967 2802 humilitas
993 2747 1119 2822 propter
1140 2743 1183 2820 ip·

264 2841 411 2903 samper
433 2841 491 2884 noa
513 2822 708 2884 dissolvatur.
750 2822 825 2886 ideo
841 2843 904 2886 non
924 2824 1030 2888 dubito
1056 2842 1184 2911 peceare

261 2926 330 2984 eos,
343 2907 435 2986 quiin
448 2904 672 2968 dissensionem
686 2925 755 2967 aeae
767 2907 901 2986 tradunt,
914 2918 946 2968 et
954 2909 1078 2988 spiritus
1088 2915 1185 2968 aeter·

263 3009 336 3052 nam
360 2990 509 3051 unitatem
531 3000 657 3070 propter
677 2990 759 3050 banc
781 2992 1003 3071 temporalem,
1033 2998 1184 3054 terrenam

262 3073 481 3134 excellentiam
504 3072 679 3153 fugiendam
702 3072 884 3136 dissolvunt
927 3073 1067 3136 Parsada
1101 3075 1182 3136 enirn

264 3166 339 3218 aunt
360 3159 474 3234 omnia,
495 3175 575 3236 quaa
597 3164 726 3237 peccata
747 3178 810 3218 non
833 3165 913 3222 sunt.

346 3239 466 3317 Tertia,
508 3238 593 3318 quod
623 3241 649 3300 si
677 3249 804 3321 propter
836 3248 966 3322 peccata
999 3248 1106 3307 nostra
1126 3259 1184 3308 nos

262 3325 348 3386 Deus
370 3323 503 3386 voluerit
522 3342 664 3403 premere
687 3324 788 3385 arultia
811 3324 1021 3405 Principibus,
1053 3327 1132 3386 sieut
1154 3327 1184 3386 in

263 3406 439 3469 Proverbiis
460 3405 535 3468 dicit
557 3406 721 3469 Salomon:
745 3407 900 3488 Numquid
913 3408 1116 3470 resistendum
1140 3417 1187 3470 ert

264 3490 391 3572 flagello
414 3489 491 3552 Dei?
510 3490 638 3570 Propter
660 3499 792 3570 peccata
816 3493 948 3571 (inquit)
971 3491 1077 3572 populi
1101 3493 1186 3554 multi

266 3573 422 3654 principes
444 3575 521 3634 eius.
564 3573 713 3653 Proinde,
747 3574 871 3654 quando
894 3581 1031 3640 nostrum
1054 3594 1116 3637 non
1140 3584 1187 3636 est

267 3655 412 3732 delinire,
444 3658 563 3718 iratane
590 3676 628 3718 an
653 3659 787 3738 propitia
809 3659 970 3720 voluntate
990 3659 1073 3720 Deus
1096 3659 1186 3720 nobis

267 3759 469 3820 quoscunque
490 3741 645 3821 principes
667 3740 796 3821 dederit,
819 3743 1029 3804 hoonostrum
1053 3750 1110 3820 eat,
1134 3761 1187 3804 vo-

267 3824 415 3885 luntatem
455 3825 520 3884 eius
558 3826 610 3903 pio
650 3826 844 3904 simplicique
878 3828 988 3887 timore
1021 3826 1187 3905 suscipere.

268 3905 475 3986 Quomodo,
510 3908 602 3967 etiarn
623 3909 648 3967 si
689 3909 746 3969 sub
767 3908 869 3970 Turca
906 3928 963 3970 noa
992 3929 1061 3970 esse
1082 3907 1186 3986 vellet,

205 4067 214 4088 ι
269 3988 429 4070 Turnae2)
454 3989 582 4054 subesse
603 3989 735 4053 libenter
757 3992 950 4055 deberemus.

272 4076 705 4161 πεῖὶ.ιῖἷιιιᾟῖἰῖἶ“2)
729 4095 756 4145 Ιιι
779 4093 820 4146 ed.
840 4097 947 4161 priore:
974 4092 1072 4144 Turno.
