3075 4775
455 567 461 586 ι
518 544 548 595 st
564 540 747 597 ὃκιιιιιιυ
764 539 957 596 ammaum
1138 535 1202 605 441

282 725 344 788 linc
362 733 425 803 est,
452 746 514 808 ego
534 727 621 788 illum
641 727 771 790 fortunis
795 729 889 802 meis,
920 745 990 790 mec
1012 743 1144 807 corpure
1164 743 1204 786 ec

282 809 355 883 vite,
377 812 451 872 item
473 811 616 872 omnibus
637 813 691 887 iis,
714 830 795 891 quse
816 808 935 889 huben,
958 811 1105 887 sublevo,
1127 828 1202 889 qus-

281 911 404 973 cunque
432 895 463 954 in
493 914 528 955 re
561 913 704 975 possum,
737 895 782 954 illi
816 893 925 954 adsum
956 913 1089 974 eumque
1118 895 1201 954 invn.

281 975 390 1059 Hulpeo
412 982 515 1038 sutem
537 987 570 1037 et
590 997 650 1058 ego
664 978 773 1038 iisdem
798 977 906 1038 officiis
929 997 1008 1058 opus
1030 983 1062 1037 et
1082 983 1202 1058 grutum

282 1070 344 1121 cst.
381 1060 464 1138 quud
493 1061 626 1122 vicissim
662 1080 711 1121 me
743 1061 890 1122 sublevet.
935 1060 986 1121 Sic
1010 1061 1151 1140 impliciti
1173 1067 1204 1120 ct

283 1145 438 1204 coniuncti
458 1145 640 1204 inservimus
661 1145 713 1205 ulii
735 1145 804 1204 aliis
826 1147 939 1206 mutuis
960 1143 1078 1222 officiis,
1101 1161 1203 1222 quem-

283 1223 449 1286 sdmudum
472 1245 596 1307 qunque
618 1227 755 1288 chrisme
784 1227 874 1288 nobis
903 1229 1081 1306 inservivit,
1111 1236 1204 1306 utque

282 1308 344 1368 huc
367 1309 490 1388 quidem
514 1318 562 1370 est
582 1310 781 1391 spiritualiter
802 1309 988 1372 manducare
1013 1318 1044 1370 et
1064 1309 1178 1372 bibere.

366 1407 523 1471 Debemus
544 1413 649 1491 igitur,
679 1419 826 1490 quantum
850 1413 979 1492 quisque
1002 1419 1118 1490 potest,
1151 1429 1203 1470 un-

283 1494 355 1568 niti,
389 1500 423 1552 ut
443 1512 499 1572 per
528 1494 584 1553 illu
615 1496 750 1560 curitstis
785 1493 889 1555 officis
921 1497 995 1555 certi
1029 1493 1204 1592 reddamur,

284 1594 342 1636 nus
366 1577 502 1673 aliquem
535 1577 664 1637 fructum
688 1597 727 1637 ex
755 1579 817 1638 hoc
847 1589 1040 1640 sacramento
1073 1579 1204 1658 cepisse

283 1648 391 1738 Neque
420 1661 500 1720 enim
534 1661 593 1740 ipsi
622 1661 721 1721 sulum
753 1663 829 1721 certi
859 1671 920 1721 tum
944 1661 1114 1731 reddimur
1149 1660 1203 1720 sed

283 1743 335 1800 ulii
372 1761 495 1822 quoque
534 1744 675 1804 homines
707 1743 738 1803 id
772 1742 893 1815 vident
931 1744 1081 1804 admoniti
1114 1743 1205 1804 bunis

283 1825 445 1904 operibus,
476 1844 557 1904 quse
586 1845 642 1886 suu
672 1829 784 1907 sponte
809 1837 870 1886 tum
894 1837 1070 1907 sequuntur.
1114 1825 1205 1901 Quod

282 1909 333 1985 qui
357 1927 419 1969 nun
442 1908 575 1988 fuciunt,
605 1909 659 1986 illi,
689 1912 809 1970 etiumsi
834 1912 956 1990 saepius
980 1917 1205 1972 sacramentum

283 1999 421 2065 sumunt,
445 1992 542 2052 nihilo
565 1999 667 2053 tumen
690 1992 858 2053 redduntur
879 1993 1030 2054 meliores.

366 2091 523 2152 Mittumus
545 2094 636 2172 igitur
657 2092 725 2152 illus
748 2095 967 2174 cogitationes,
992 2094 1099 2174 quibus
1124 2095 1205 2153 exci-

285 2185 350 2234 ture
372 2175 495 2253 quidum
515 2195 549 2236 se
571 2176 609 2237 ud
633 2176 694 2236 huc
707 2184 933 2238 sacramentum
956 2179 1068 2238 solent
1102 2176 1204 2239 vium

284 2276 371 2318 susm
394 2265 426 2317 et
446 2258 528 2319 fectu
550 2278 606 2318 suu
628 2267 715 2338 putet
749 2261 807 2322 sibi
837 2263 1045 2340 unusquisque
1067 2261 1206 2340 proposi-

285 2348 347 2401 tum
370 2341 544 2421 speculum,
574 2343 605 2401 in
627 2361 688 2423 quo
712 2343 829 2422 videat,
860 2362 934 2405 ιιιιιιι
963 2345 1056 2425 digne
1079 2353 1109 2403 et
1137 2362 1206 2405 cum

283 2424 382 2485 fructu
404 2426 464 2486 huc
486 2433 679 2487 sacramento
703 2428 741 2487 sit
763 2448 843 2487 usus
887 2428 954 2489 Hoc
976 2431 1056 2489 enim
1079 2429 1205 2488 omnino

284 2506 348 2568 lieri
372 2506 479 2587 debet,
510 2517 544 2569 ut
563 2518 787 2569 sacramentum
811 2510 870 2569 huc
892 2530 994 2571 mores
1016 2530 1053 2571 uc
1082 2527 1204 2570 omnem

283 2593 377 2732 {imm
408 2600 544 2652 nostram
573 2595 727 2669 immutet,
761 2600 853 2671 utque.
881 2593 959 2653 alios
990 2595 1082 2675 plene
1109 2590 1205 2671 fingat

305 2693 435 2735 ommes.

366 2774 444 2835 Num
468 2789 531 2835 tum
554 2775 646 2853 dictu,
669 2785 732 2835 turn
755 2777 836 2835 suctu
850 2776 905 2837 Dei
924 2797 985 2835 ιιοιι
1008 2775 1112 2836 solent
1134 2796 1204 2835 esse

285 2858 407 2935 (iussu,
441 2859 496 2917 sed
528 2860 728 2919 maximarum
762 2879 861 2919 rerum
896 2860 1149 2939 sunt'principia
1173 2869 1205 2919 et

283 2942 402 3019 fontes,
425 2940 557 3003 liberunt
577 2961 595 3000 a
617 2944 764 3021 peccetis,
787 2962 804 3001 u
829 2952 938 3020 morte,
961 2941 1086 3002 diabulo
1109 2950 1139 3001 st
1160 2943 1203 3001 in·

283 3026 383 3099 ierne,
402 3034 433 3083 et
454 3027 499 3085 sic
516 3042 573 3085 nos
596 3024 790 3101 confirment,
815 3034 846 3085 ut
869 3025 951 3084 nullu
978 3032 1063 3085 tantu
1083 3044 1131 3084 res
1155 3024 1203 3101 sit,

284 3127 347 3186 qun
368 3108 490 3168 territus
510 3106 630 3181 animus
652 3108 841 3169 succumbet.

352 3208 502 3271 ,Eccum
523 3209 568 3268 sie·
591 3227 714 3288 qunque
735 3216 847 3288 purant
868 3210 1020 3281 animum,
1043 3215 1076 3267 ut
1098 3208 1202 3267 volen-

283 3303 330 3351 tes
353 3292 446 3352 etium
475 3290 587 3352 intimis
608 3291 785 3353 huminibus
807 3292 1027 3364 inserviemus,
1057 3302 1089 3350 et
1109 3298 1143 3351 ut
1165 3292 1204 3351 sit

284 3374 434 3454 voluptati
463 3374 615 3437 beneficis
634 3376 665 3435 in
688 3394 781 3455 quum
806 3376 951 3455 plurimos
983 3394 1099 3447 ser-ere,
1143 3394 1204 3435 rur·

283 3478 356 3533 sus,
391 3467 425 3517 ut
452 3457 557 3520 dolent
585 3478 643 3520 nos
674 3459 764 3519 tentis
796 3458 901 3535 bonis,
934 3476 1013 3537 quun
1045 3456 1204 3535 hebemus,

283 3560 347 3601 non
380 3540 432 3600 sd.
451 3541 650 3621 plurimorum
685 3540 815 3603 sulutem
843 3560 880 3601 uc
908 3540 1103 3604 commodum
1135 3558 1203 3601 esse

284 3643 369 3685 usus.

369 3724 400 3784 Si
423 3726 474 3803 qui
498 3742 573 3804 ergo
595 3732 680 3800 sunt,
714 3725 743 3784 in
767 3722 878 3802 quibus
899 3732 1122 3785 estrumentum
1145 3723 1202 3785 hus

283 3808 399 3867 tructus
421 3825 485 3869 non
506 3806 663 3887 producit,
695 3805 862 3887 periculum
897 3813 957 3884 est,
990 3826 1029 3867 ns
1052 3808 1088 3867 iis
1111 3806 1202 3867 etium

285 3892 385 3972 mgis
407 3890 497 3951 obsit.
540 3889 611 3951 Non
634 3894 738 3951 tumm
760 3888 898 3951 infirmus
920 3888 1111 3952 sbiiuisndos
1133 3904 1202 3949 csti-

283 3992 351 4051 seu,
374 3974 400 4033 si
421 3974 522 4034 minus
544 3972 636 4070 naec,
658 3990 737 4053 ques
759 3970 902 4052 diximus,
924 3974 1058 4073 perlecto
1080 3968 1203 4067 funium,

282 4056 325 4119 do
344 4056 408 4119 illic
427 4055 516 4136 dicu,
538 4056 590 4137 qui
610 4056 715 4137 ignum
738 4062 769 4117 st
791 4056 945 4119 tumst-mi
964 4060 1054 4135 suut,
1082 4052 1134 4135 qui
1155 4072 1203 4117 ιι·
