3075 4775
575 563 594 602 s
610 549 732 603 Rutenis
748 552 875 618 excepte
1109 480 1189 615 143=

247 738 383 819 pliorem.
415 738 497 800 (lum
516 735 598 818 apud
620 755 728 797 omnes
750 743 873 799 eonstet
898 737 1020 819 dulpsm
1041 756 1105 800 non
1123 758 1171 801 re·

249 823 330 901 mitti,
351 822 458 883 stiam
470 821 623 882 venialem
644 822 710 880 sine
731 826 900 900 augmento
924 824 1057 902 grstiae,
1088 830 1119 884 st
1139 824 1171 883 in

249 904 858 1050 ttltfltntlffitltttttt
884 904 1170 1052 {diligiti

249 1074 290 1133 sie
309 1009 415 1133 tarnegn
438 1036 627 1151 hoeas'ssro,
649 1076 683 1130 ut
703 1078 759 1150 pro
777 1010 1081 1151 opinionehabeam?
1097 1036 1170 1153 imo:

248 1163 278 1216 ut
298 1155 406 1233 fatear,
427 1175 485 1235 pro
507 1155 692 1237 ignorantia.
719 1153 786 1214 eon
807 1155 875 1215 Deo
897 1155 991 1216 oredo
1014 1158 1170 1237 cognitum

249 1259 313 1300 esse
337 1246 453 1299 statum
474 1240 643 1313 animarum
665 1238 699 1296 in
718 1238 906 1317 purgatorio.

314 1321 377 1382 and
398 1322 519 1383 tertium
531 1320 700 1401 prinoipale
715 1319 755 1381 de
777 1322 906 1382 seientia
925 1320 1032 1382 salutis
1054 1339 1170 1403 earnm,

248 1405 295 1467 ubi
331 1405 455 1466 induxit
485 1406 583 1485 primo
615 1404 747 1484 Apoeal.
775 1406 913 1484 quintum
949 1414 1062 1485 eaput,
1086 1406 1169 1485 quod

247 1508 335 1550 nemo
357 1491 502 1549 inventus
522 1494 573 1547 est
592 1505 652 1548 nee
671 1488 708 1546 in
725 1489 833 1565 eoslo,
856 1508 914 1549 nes
934 1490 966 1549 in
989 1495 1086 1566 terra,
1111 1508 1170 1549 neo

246 1573 352 1635 subtus
372 1579 502 1649 terram,
524 1572 577 1649 qni
597 1569 708 1651 dignus
729 1578 813 1631 esset
833 1574 953 1651 aperire
973 1572 1094 1653 librum,
1117 1592 1170 1633 ro·

246 1656 310 1717 lens
332 1674 390 1736 per
410 1655 517 1715 subtus
538 1661 649 1715 terram
670 1654 844 1734 intelligere
869 1658 1101 1735 purgatorium,
1123 1663 1171 1717 ·-ut

245 1741 275 1817 in
303 1758 368 1819 quo
406 1744 438 1825 et
457 1738 624 1817 aliqnando
646 1738 745 1799 saneti
766 1739 822 1798 viri
844 1738 980 1817 fuerunt,
1014 1740 1095 1799 siout
1115 1740 1170 1800 Pa·

245 1823 382 1884 sehesius
404 1828 436 1883 et
455 1822 640 1883 Severiuus:

326 1892 416 1983 Dido,
440 1905 522 1985 qnod
544 1904 623 1965 hasa
643 1903 749 1984 glossa
762 1902 957 1965 autoritatem
981 1923 1044 1965 non
1065 1905 1168 1983 habet,

245 1990 313 2051 ideo
350 1989 460 2050 eadem
494 1988 642 2049 facilitate
663 1986 890 2066 contemnitur,
925 2006 986 2066 qus
1013 1988 1169 2067 probatur.
1276 2062 1284 2073 „

244 2074 357 2134 Fateor
378 2072 522 2151 quidem,
556 2071 687 2133 Sanetos
709 2071 743 2130 in
764 2071 943 2150 purgatorio
964 2072 1074 2150 fuisse,
1106 2073 1169 2133 imo

245 2157 360 2218 nullum
396 2158 429 2216 in
455 2156 634 2236 purgatorio
658 2172 750 2231 esse,
782 2154 841 2213 nisi
863 2152 1018 2216 Sanctum.
1061 2152 1171 2216 Posset

245 2259 318 2321 ergo
339 2240 553 2301 contentiosus
574 2238 694 2316 disere,
723 2234 830 2297 subtus
853 2244 965 2297 terram
987 2256 1055 2298 esse
1076 2236 1169 2316 idem,

245 2323 326 2404 quod
347 2323 507 2400 infernus,
541 2320 775 2402 velquodlibst
794 2319 894 2398 aliud,
933 2328 965 2381 ut
1000 2322 1083 2402 quud
1112 2338 1170 2383 nee

245 2407 434 2484 daenrones,
456 2425 515 2468 nse
535 2407 684 2484 homiues,
707 2423 766 2465 nee
786 2403 888 2484 angeli
909 2407 1030 2485 possint
1051 2405 1170 2486 aperire

245 2491 369 2570 librum,
399 2491 479 2551 siout
505 2489 636 2568 dieitur,
665 2490 744 2548 trine
773 2507 873 2548 rernm
904 2488 1046 2550 maehina
1067 2491 1170 2552 solere

244 2575 357 2654 Deum3
380 2581 413 2635 et
433 2572 515 2653 apud
536 2573 712 2654 apostolum
736 2571 771 2652 *)
798 2580 860 2630 tarn
882 2571 1046 2651 eoelestia,
1078 2587 1169 2653 quam

244 2659 409 2735 terrestria,
433 2675 524 2736 quam
546 2657 665 2718 inferna
685 2674 766 2736 genu
788 2653 929 2734 fleotere3
964 2656 1116 2735 siquidem
1137 2665 1170 2718 et

245 2741 415 2803 daemones
429 2740 746 2817 contremiseunt**),
767 2739 842 2818 imo,
864 2739 938 2799 utin
961 2739 1071 2806 eodem
1090 2739 1167 2804 libro

244 2825 352 2886 nodus
375 2824 556 2904 est‚Subtus
578 2830 700 2900 terram,
723 2820 876 2902 signifieat
905 2823 997 2882 etiam
1020 2830 1167 2902 mortuos,

245 2915 274 2968 nt
293 2899 371 2969 dieit
390 2909 421 2968 in
446 2907 508 2968 elio
531 2907 682 2987 capitulo:
704 2905 799 2966 Terra
819 2904 904 2966 dedit
924 2912 1062 2968 mortuos
1085 2926 1167 2984 snos,

245 3001 273 3052 et
292 2992 432 3052 infernus
454 2990 539 3052 dedit
560 2996 698 3051 mortuos
721 3008 803 3050 suos.

323 3074 417 3150 Quod
438 3080 541 3136 autem
562 3080 728 3154 sequenter
758 3071 877 3132 induoit
898 3090 1026 3136 omnes:
1058 3073 1167 3135 Canta·

244 3156 315 3219 bant
334 3161 369 3218 in
391 3158 501 3236 eoelo,
529 3164 561 3217 et
581 3158 612 3217 in
634 3163 716 3217 terra
736 3163 769 3216 et
788 3156 895 3216 subtus
917 3164 1039 3236 terram,
1060 3156 1168 3239 despe

243 3249 344 3302 mutes
367 3248 472 3302 autem
493 3260 557 3302 non
578 3247 705 3301 eantare
725 3257 839 3318 posse,
867 3241 1063 3318 respondeo:
1096 3241 1166 3302 Non

243 3325 305 3385 dixi
325 3326 448 3386 animas
469 3324 635 3405 desperare
656 3342 801 3403 unquam,
824 3322 879 3383 sed
892 3325 1014 3401 quando
1038 3343 1099 3386 nna
1121 3343 1170 3385 eo-
1269 3339 1272 3346 ·

243 3409 355 3471 alasiae
375 3407 646 3470 sententiaeadenr
667 3415 717 3488 est
737 3425 840 3486 poena
860 3407 1025 3468 inferorum
1048 3416 1079 3469 et
1100 3429 1169 3490 pur-

242 3494 375 3572 gatorii,
405 3491 470 3552 dixi
491 3511 545 3553 sas
567 3491 682 3551 similes
704 3509 775 3550 esse
797 3489 987 3572 desperatis,
1009 3493 1167 3572 quomodo

242 3575 384 3656 leguntur
405 3577 490 3637 etin
511 3576 571 3635 hae
592 3576 654 3635 rita
666 3573 790 3653 quidam
813 3575 921 3635 tentati
942 3575 1037 3636 fuisse
1058 3576 1166 3656 despe-

242 3662 370 3737 ratione,
391 3666 426 3720 ut
445 3661 478 3719 in
499 3659 648 3719 Psulterio
668 3659 701 3720 in
724 3653 826 3718 multis
848 3657 940 3719 loeis:
974 3659 1021 3720 Ne
1043 3667 1166 3720 evertas

244 3743 353 3804 faeiem
374 3750 457 3803 tuam
480 3762 501 3803 a
521 3761 592 3819 me,
625 3749 658 3804 et
683 3742 889 3804 assimulatur
909 3741 1165 3805 descendentibus

243 3826 555 3902 teimpietate
576 3832 703 3889 eantare
724 3826 869 3906 Domino,
892 3826 954 3888 noir
978 3845 1099 3908 semper
1120 3833 1170 3910 est

260 3999 491 4010 -————-———»-t

278 4090 310 4157 ·)
329 4091 430 4160 Philip.
449 4043 487 4147 2⁴
513 4091 562 4160 ⁸⁸)
578 4094 673 4148 Jaeob.
692 4094 718 4148 2.
