3075 4775
532 534 601 589 lllll.
620 535 655 588 de
671 540 806 604 potestate
826 536 923 603 Papae.
1136 530 1196 599 365

278 729 499 800 cognosceret,
531 741 590 783 neo
611 723 800 802 ignorantia,
833 721 887 781 sed
916 719 955 780 de
984 719 1133 781 industria
1154 722 1199 780 sio

277 803 411 863 loentum
435 804 544 884 fuisse,
566 804 671 882 simul,
704 813 736 864 ut
753 802 782 887 ¹)
814 803 982 863 insidiosae
1010 811 1041 863 et
1062 802 1198 864 adulato-

277 887 339 946 riae
362 888 568 967 propositioni
590 887 675 948 Eooii
698 907 752 967 per
775 888 879 948 omnia
902 905 958 966 par
982 885 1178 969 reserrem2).

359 968 418 1044 Qui
446 990 514 1030 oum
542 971 760 1049 adstruxisset,
793 976 865 1029 ante
894 978 1034 1048 tempora
1060 968 1200 1030 silvestri

278 1054 448 1115 Romanam
473 1055 634 1115 eeclesiam
657 1054 751 1113 misse
774 1053 841 1112 aliis
865 1054 1063 1132 superiorem,
1087 1060 1118 1112 et
1139 1072 1198 1133 ego

278 1137 543 1215 persuasissimum
555 1136 711 1218 haberem,
734 1136 861 1195 Flauium
884 1154 944 1195 non
970 1154 1038 1195 esse
1061 1142 1122 1195 tam
1146 1137 1197 1195 im·

277 1218 454 1298 pudentem,
478 1229 510 1282 ut
532 1219 653 1300 publice
677 1220 871 1296 mentiretur,
893 1236 952 1279 neo
974 1225 1035 1277 tam
1059 1221 1196 1298 ignarum

276 1302 486 1382 historiarum,
519 1311 550 1361 nt
578 1303 655 1363 haee
683 1321 757 1362 vera
779 1300 933 1380 erederet,
956 1301 1081 1361 insidias
1104 1304 1198 1380 suspi-

278 1392 472 1462 natussum,
496 1392 528 1445 ut
550 1387 600 1465 qui
625 1404 741 1445 morem
765 1384 970 1464 sophistarum
995 1392 1026 1444 et
1049 1384 1198 1445 lubricita-

278 1475 356 1528 tates
385 1463 513 1542 istorum
542 1469 723 1529 Proteornm
759 1467 856 1547 probe
883 1467 1036 1527 uallarem.
1087 1466 1145 1541 Qui
1174 1470 1197 1528 si

279 1549 395 1630 volent,
416 1551 526 1611 falsum
548 1551 662 1611 faoient
683 1570 803 1629 verum,
843 1559 874 1609 et
903 1570 1005 1609 verum
1030 1558 1146 1610 mutent
1167 1553 1198 1610 in

278 1634 400 1711 falsum,
422 1653 491 1695 oum
515 1636 634 1694 interim
656 1635 687 1694 in
711 1634 780 1693 aliis
803 1653 872 1693 eum
896 1634 1042 1712 loquendi
1062 1636 1197 1714 rigorem

278 1720 421 1799 exigant,
456 1727 489 1777 ut
524 1737 582 1777 nee
614 1716 708 1777 verba
739 1717 798 1776 Dei
831 1724 896 1776 tuta
921 1735 1024 1777 aorem
1055 1718 1099 1777 eis
1128 1720 1197 1778 sint.

278 1799 414 1861 Proinde
454 1800 533 1860 volni
567 1801 799 1879 animosiorem,
834 1818 870 1859 ao
892 1808 964 1859 ante
992 1800 1072 1859 diem
1095 1802 1198 1861 trium-

279 1883 477 1963 phabundnm
499 1882 644 1962 reddere,
674 1884 840 1962 sicutipse
862 1901 912 1942 me
934 1882 1198 1944 formidabundum

279 1968 362 2027 nisus
387 1973 435 2029 est
455 1966 566 2028 lasere.

362 2049 438 2110 Cum
463 2068 536 2130 ergo
560 2049 633 2109 mihi
656 2051 729 2109 satis
753 2068 823 2109 esse
839 2050 981 2128 potuerit,
1004 2049 1085 2127 quod
1100 2050 1198 2129 Serip-

279 2140 365 2193 turae
394 2140 520 2193 sanotae
549 2132 695 2192 autoritas
718 2150 839 2193 meeum
865 2138 927 2210 est,
961 2152 1021 2211 qua
1052 2132 1201 2213 probatur
1264 2132 1271 2141 “

277 2218 425 2295 primatus
449 2216 676 2276 eoolesiastious
698 2217 763 2275 iure
787 2213 892 2275 divino
916 2214 1016 2274 nullus
1039 2235 1123 2289 esse,
1156 2224 1200 2277 ta-

279 2318 364 2377 men,
395 2319 434 2359 ne
469 2299 554 2359 solus
583 2306 614 2358 et
641 2299 725 2358 solas
748 2297 919 2379 Scripturas
947 2300 1062 2359 laetere
1086 2298 1199 2379 videar,
1228 2310 1231 2315 ’

276 2384 338 2443 iam
361 2390 393 2442 et
414 2382 543 2444 aliorum
567 2383 736 2443 sententias
749 2381 909 2443 audiamus
934 2401 1001 2444 aum
1021 2382 1200 2448 rationibus.

361 2466 480 2526 Primus
502 2474 548 2526 est
572 2467 607 2527 D.
623 2465 828 2546 Hieronymus
850 2465 880 2525 in
903 2464 1045 2545 Epistola
1067 2466 1105 2527 ad
1124 2467 1201 2527 Eva-

277 2551 388 2629 grium,
412 2550 457 2608 sio
477 2549 629 2610 seribens:
653 2547 796 2628 Legimus
818 2549 849 2607 in
867 2549 958 2608 lsaia:
983 2549 1095 2608 Fatuus
1118 2551 1201 2612 fatus

279 2631 424 2712 loquitur.
468 2630 569 2692 Audio
601 2631 753 2710 quendam
783 2632 813 2691 in
844 2638 961 2692 tantam
988 2633 1124 2710 erupisse
1154 2653 1202 2692 ve-

279 2715 428 2791 oordiam,
452 2723 483 2774 ut
497 2712 692 2796 diaconesl)
717 2714 904 2795 presbyteris
926 2714 1084 2774 anteierat.
1122 2716 1200 2776 Nam

279 2817 348 2858 oum
360 2796 533 2878 Apostolus
556 2799 718 2878 perspicue
738 2797 860 2874 dooeat,
883 2796 1008 2859 eosdem
1033 2818 1102 2858 esse
1118 2819 1200 2879 pres-

279 2881 417 2962 byteros,
441 2900 518 2960 quos
541 2883 716 2962 episcopos,
739 2880 811 2960 quid
833 2881 1008 2961 patiaturl)
1027 2901 1201 2942 mensarum

278 2971 309 3024 et
332 2965 492 3024 viduarum
517 2965 671 3040 minister,
705 2971 737 3022 ut
758 2983 851 3043 super
873 2983 927 3024 eos
951 2962 1083 3023 tumidus
1106 2985 1139 3024 se
1162 2965 1202 3025 es-

277 3047 372 3124 lerat,
402 3046 593 3126 adquorum
616 3067 724 3132 preoes
748 3066 860 3127 eorpus
890 3053 920 3106 et
942 3047 1067 3127 sanguis
1090 3047 1201 3108 Christi

279 3129 461 3190 nonlioitnr?
482 3129 612 3204 Quaeris
634 3129 852 3191 autoritatem?
874 3129 955 3190 Audi
978 3131 1200 3192 testimonium:

278 3209 437 3296 Paulus*)
462 3219 492 3272 et
512 3213 692 3274 Timotheus
714 3213 795 3272 servi
815 3213 885 3273 Iesu
908 3212 1036 3294 Christi,
1060 3215 1201 3277 omnibus

280 3295 492 3375 Sanctis,qui
514 3302 585 3357 sunt
607 3295 754 3375 Philippis
778 3315 846 3355 oum
871 3297 1025 3376 episeopis
1047 3305 1078 3358 et
1100 3298 1202 3360 diaeo·

279 3377 425 3457 ubist).

367 3462 422 3522 Vis
457 3469 489 3522 et
519 3462 601 3522 alind
636 3462 835 3542 exemplum?
880 3464 910 3521 ln
945 3463 1013 3525 Aet.
1046 3467 1202 3544 apostolo-

280 3566 344 3605 rum
359 3545 413 3624 **’)
455 3544 494 3604 sd
518 3546 606 3605 unius
630 3546 782 3607 ecelesiae
812 3545 988 3606 sacerdotes
1017 3548 1061 3608 ita
1089 3548 1201 3610 Paulus

283 3628 432 3708 loquitur:
457 3627 616 3689 Attendite
639 3627 726 3689 vobis
749 3635 781 3688 et-
802 3629 945 3689 universo
968 3633 1064 3712 gregi,
1088 3633 1117 3692 in
1141 3653 1201 3713 quo

357 3846 382 3911 t)
403 3846 434 3897 ln
453 3845 496 3898 ed.
511 3847 615 3913 priore:
629 3831 712 3915 quod.
734 3846 767 3903 2]
789 3845 907 3898 lhidem:
928 3863 978 3914 par
997 3852 1098 3902 referre
1120 3849 1201 3898 volui.

282 3916 311 4037 {t
330 3916 455 4000 Ibidem:
481 3919 592 3987 patitur.
630 3917 661 3981 4)
681 3919 711 3969 ln
741 3917 788 3973 ed.
810 3917 869 3971 Jen.
898 3924 925 3970 et
943 3921 1030 3975 wita:
1060 3920 1201 3978 diaconos.

301 4003 522 4129 ¹⁸⁰⁰*lmiunpp
546 4061 569 4115 1.
603 4061 651 4125 a,
671 4060 732 4115 aa.
752 4061 797 4116 ao.
