3075 4775
580 569 733 622 adiutoriis
753 575 886 639 exceptax
1087 546 1091 557 .
1136 565 1179 633 73

261 756 283 815 si
305 754 377 816 mihi
407 755 466 816 soli
498 762 561 816 tarn
585 753 635 816 diu
657 756 778 818 occulta
799 755 911 816 veritas
931 755 1069 816 revelata
1089 760 1181 819 aret

260 838 326 899 lloc
348 839 431 900 enim
453 858 515 899 non
539 839 595 900 luit
616 839 779 920 disputare,
801 838 855 900 sed
878 839 1025 900 invidiam
1046 833 1180 901 movere.

342 921 435 996 Quod
465 941 540 984 vero
561 922 639 983 ridet
660 941 759 983 meam
781 923 998 1000 ratiunculam,
1034 922 1086 983 uhi
1107 921 1181 999 dixi,

260 1004 392 1085 lapsam
416 1024 485 1066 esse
506 1004 665 1066 ecclesiam
687 1015 822 1087 negante
835 1005 936 1083 Petro,
957 1006 983 1064 si
1004 1025 1180 1085 supereum

262 1095 344 1148 esset
364 1087 537 1162 aedificata,
559 1089 927 1170 adducens-grammatice
948 1088 1073 1149 verbum
1091 1089 1180 1149 futuri

262 1171 430 1251 temporis,
454 1159 648 1251 sedilica'no,¹
665 1174 752 1252 quasi
774 1182 845 1252 post
867 1177 998 1233 mortem
1019 1171 1183 1233 aedificata

262 1255 300 1314 sit
322 1254 457 1315 ecclesia
478 1273 571 1336 super
591 1256 732 1335 Petrum,
763 1263 908 1333 transeo,
948 1253 1031 1333 qnod
1053 1255 1183 1333 quisque

261 1337 350 1398 facile
372 1337 485 1415 videat,
508 1338 579 1417 qnid
600 1339 711 1403 valcat.
738 1339 943 1415 Nihilominus
962 1344 1068 1398 tamen
1090 1339 1181 1397 etiam

261 1426 332 1500 post
355 1419 500 1500 Spiritum
522 1428 659 1482 sanctum
682 1424 807 1484 missum
830 1423 1013 1502 gravismmc
1035 1419 1182 1482 scandalo

155 1535 156 1538 ¹
261 1502 331 1563 fidei
364 1503 476 1563 cecidit
501 1503 629 1584 Petrus,
663 1505 731 1572 Gal.
754 1509 788 1584 2,
821 1523 890 1564 cnm
912 1503 1145 1584 redargueretur
1165 1523 1184 1562 a

264 1586 374 1664 Paulo,
396 1587 427 1646 in
450 1605 510 1666 quo
536 1591 702 1668 permansit
723 1591 843 1669 integra
864 1587 942 1648 fides
963 1595 995 1647 et
1016 1587 1181 1660 confessio,
1232 1649 1241 1667 ,

262 1670 292 1729 in
314 1669 406 1730 Petro
432 1670 553 1750 quidem
575 1671 674 1751 tides,
709 1672 763 1733 sed
787 1671 940 1733 simulatio
962 1669 1109 1731 adversus
1131 1689 1183 1731 ve·

262 1753 382 1813 ritatem
405 1753 567 1834 evangelii.
978 1772 980 1777 '

344 1835 485 1897 Admitto
508 1843 625 1914 tamen,
641 1837 736 1916 ·quod
758 1839 902 1918 egregius
930 1837 967 1897 D.
989 1837 1027 1898 D.
1048 1835 1106 1896 hac
1129 1855 1181 1896 an·

262 1921 385 1979 toritate
405 1921 570 1998 praecipue
592 1922 681 1980 nixus
700 1939 785 1980 nunc
807 1939 841 1980 se
859 1921 958 2000 ipsum
981 1919 1118 1980 excindit
1140 1918 1179 1980 ab

264 2021 309 2080 aa,
332 2010 366 2062 ut
388 2003 433 2063 sic
456 2003 530 2063 nihil
555 2005 628 2064 ioris
650 2003 743 2064 divini
765 2003 954 2081 relinquatur
974 2004 1013 2064 ei.
1055 2003 1133 2062 Nam
1155 2002 1182 2061 si

263 2086 425 2164 promissio
449 2093 564 2148 anum
587 2086 668 2146 facta
690 2094 751 2162 est,
779 2086 912 2146 eundum
941 2089 989 2146 est
1010 2085 1050 2145 ad
1071 2086 1183 2163 locum,

263 2167 311 2228 ubi
329 2167 474 2229 exhibita
494 2171 656 2248 promissio
682 2177 743 2245 est,
779 2177 811 2229 et
838 2170 1013 2230 invenietur
1039 2169 1113 2229 illud
1134 2168 1185 2228 lo·

263 2251 331 2312 hen.
356 2251 421 2330 ult,
445 2251 568 2313 obinon
591 2252 678 2313 dicit:
701 2253 799 2329 Petro,
811 2255 919 2332 accipe
933 2251 1077 2332 Spiritum
1098 2270 1184 2312 sanc

262 2342 333 2414 urm,
355 2333 592 2414 ssdaequuliter
604 2335 762 2398 omnibus:
786 2335 925 2416 Accipite
936 2334 1080 2417 Spiritum
1098 2353 1185 2395 sanc·

264 2425 338 2492 tum,
377 2436 505 2497 quorum
535 2420 711 2479 remiseritis
742 2427 800 2481 etc.
822 2420 959 2492 Transeo
987 2424 1018 2479 et
1038 2418 1111 2478 illud
1144 2418 1184 2478 de

263 2500 500 2581 Chrysostomo,
524 2500 575 2562 ubi
597 2503 717 2562 Petrum
741 2503 859 2564 honore
880 2504 1068 2582 superiorem
1089 2501 1184 2561 inisse

263 2582 333 2664 dixi,
358 2584 393 2645 D.
418 2585 455 2645 D.
476 2585 687 2647 confimaturus
709 2587 869 2667 opposuit,
891 2604 960 2645 cum
981 2584 1093 2645 Paulus
1115 2584 1183 2662 plna

263 2666 460 2745 praedicavit,
478 2686 572 2747 quam
595 2668 711 2745 Petrus,
734 2668 804 2749 plus
828 2670 920 2728 etiam
942 2666 1184 2728 habebithono-
1223 2687 1226 2694 ’

264 2750 311 2828 n‘s,
331 2750 422 2829 quasi
444 2770 503 2830 ego
526 2750 564 2811 de
578 2750 771 2812 multitudine
795 2750 918 2829 laboris,
940 2769 978 2810 ec
999 2768 1061 2813 non
1082 2750 1184 2829 potius

264 2831 300 2892 de
322 2834 478 2913 primitate
512 2833 627 2895 ordinis
657 2834 795 2893 dixerim.
839 2833 976 2893 'll-anseo
1008 2832 1047 2892 de
1068 2833 1183 2891 vertice

266 2921 295 2974 et
315 2915 489 2996 symbolice
515 2932 572 2977 suo
594 2918 704 2997 capite,
728 2936 808 2998 quae
829 2923 901 2977 sunt
921 2934 1007 2975 mera
1026 2914 1129 2975 verba.

345 2999 391 3058 De
405 2998 553 3078 Decretis,
575 3002 702 3061 miratur
724 3020 774 3061 me
795 3000 898 3061 dicere
914 2998 1112 3079 frigidissima
1132 2996 1184 3056 de·

264 3090 346 3142 creta
375 3087 407 3141 et
434 3083 513 3143 intra
534 3083 776 3163 quadringentos
797 3102 896 3143 annos
919 3091 1001 3143 nata.
1044 3081 1091 3140 De
1112 3098 1184 3159 qna

264 3163 432 3245 dringentis
455 3167 542 3227 annis
566 3165 764 3246 supersedeo.
788 3174 899 3246 postea
920 3165 1064 3225 dicturus.
1104 3163 1183 3223 Nam

264 3266 322 3307 non
348 3248 405 3307 fuit
426 3267 519 3327 opus,
552 3256 584 3309 ut
614 3249 743 3310 docerer
771 3257 843 3309 ante
865 3247 949 3309 mille
970 3255 1002 3308 et
1024 3248 1186 3336 ducentos,

263 3330 323 3392 imo
346 3330 588 3412 quadringentos
609 3333 834 3412 concaluisse
855 3332 989 3407 decreta,
1005 3333 1067 3392 iuro
1089 3331 1202 3390 inisse*
1235 3396 1240 3405 ⁸

264 3421 292 3473 et
323 3416 539 3473 contentiones
569 3415 607 3474 de
639 3417 780 3495 primatu.
823 3415 946 3476 Miretur
971 3416 1091 3474 interim
1116 3415 1184 3493 ipse

263 3495 298 3557 D.
323 3496 373 3573 D.,
406 3496 487 3575 quod
509 3499 704 3560 autoritatem
727 3497 873 3559 Matthaei
895 3497 1038 3577 intelligit
1057 3498 1184 3576 promis·

263 3580 357 3639 sionis
381 3579 505 3649 verbum
535 3600 619 3656 esse,
654 3601 716 3642 non
740 3581 953 3657 exhibitionis,
984 3599 1053 3639 cum
1081 3587 1183 3639 tamen

264 3659 387 3723 decreta
407 3663 475 3742 ipsa
496 3682 589 3744 super
609 3665 690 3724 idem
712 3665 837 3726 verbum
856 3672 1000 3743 tanquam
1023 3662 1183 3723 exhibitio·

264 3746 307 3805 nis
330 3745 453 3825 penitus
476 3748 626 3821 nitantur„
661 3746 844 3808 Necessarie
866 3764 940 3827 ergo
955 3753 1025 3823 est,
1058 3754 1111 3807 eut
1132 3744 1186 3804 de·

156 3890 157 3895 ,
264 3834 346 3889 crete
374 3830 541 3909 improprie
569 3838 716 3908 tractare,
750 3832 842 3891 etiam
864 3837 972 3891 autore
1000 3828 1036 3889 D.
1059 3828 1110 3904 D,
1132 3833 1185 3887 aut

262 3912 359 3991 ipsum
383 3929 495 3975 errare.

344 3993 435 4069 Quod
465 4014 538 4057 vero
569 4014 632 4056 non
662 3996 775 4077 accipit
796 4001 941 4077 negatum
968 4013 989 4054 a
1010 4012 1059 4054 me
1081 3992 1183 4052 decre-

263 4084 326 4137 tum
340 4076 494 4159 Accoleti,
517 4086 548 4139 et
565 4096 645 4157 qnae
667 4078 707 4139 ds
730 4078 871 4158 sigillatis
882 4076 1013 4137 decretis
1035 4073 1077 4135 ibi
1097 4071 1184 4148 ludit,
