3075 4775
478 554 484 558 -
560 522 630 575 x111.
651 520 685 575 de
702 526 839 589 potestate
858 519 958 591 Papae.
1144 518 1206 585 359

366 709 446 785 Quid
468 710 550 771 hoo?
596 711 644 771 An
667 729 729 771 non
753 718 801 770 est
822 729 841 769 a
862 710 928 770 Deo
949 709 1087 787 dietum,
1122 711 1205 791 quod

282 795 389 854 Petrus
423 799 454 853 et
474 793 587 853 Paulus
622 793 779 854 dixerunt:
821 793 939 854 Subditi
973 793 1093 855 estote?
1135 796 1205 857 Non

282 884 331 937 est
351 875 566 938 sacerdotibus
589 876 719 954 dietum,
755 896 817 937 non
841 882 888 936 est
917 878 1059 937 omnibus
1082 878 1206 958 dietum,

282 960 407 1039 qnando
431 961 542 1021 Paulus
566 960 656 1020 dioit:
701 958 810 1025 Omnis
832 960 958 1019 anima?

364 1060 446 1135 Quid
470 1062 496 1119 si
516 1061 684 1139 imperator
704 1060 802 1121 dieat:
847 1059 914 1139 Ego
944 1060 1021 1120 duos
1044 1061 1205 1137 apostolos

282 1145 400 1223 primos
423 1164 478 1222 pro
501 1163 551 1203 me
572 1144 688 1221 habeo,
719 1143 827 1223 quibus
850 1143 917 1221 plus
940 1142 1125 1202 eredendum
1151 1152 1207 1222 est,

281 1247 374 1306 qnam
397 1226 563 1304 Ieremiae,
596 1247 634 1288 eo
669 1226 751 1305 quod
783 1226 826 1296 illi
857 1227 1015 1285 veritatem
1036 1226 1203 1287 revelatam

282 1311 356 1369 novi
386 1310 593 1386 Testamenti,
632 1311 690 1369 iste
732 1327 818 1370 more
857 1309 1037 1388 prophetico
1076 1309 1207 1369 oeonlta·

281 1401 343 1453 tam
390 1393 513 1453 loeutus
558 1394 623 1453 est?
679 1392 754 1453 Ideo
798 1392 871 1451 nihil
912 1392 1059 1471 probatur
1099 1400 1207 1452 eontra

281 1495 343 1535 me.
389 1474 470 1549 Quid
492 1476 542 1535 hio
563 1475 701 1536 dicetur?
745 1474 806 1535 Sed
837 1474 933 1554 adde,
970 1476 996 1533 si
1029 1475 1107 1535 haee
1135 1494 1207 1535 vera

281 1565 371 1619 sunt:
394 1558 478 1639 Ergo
501 1560 646 1619 Ieremias
667 1566 714 1619 est
735 1578 870 1618 summus
889 1558 1044 1638 pontifex,
1070 1558 1205 1637 quando-

281 1640 407 1721 quidem
429 1642 511 1702 huno
532 1645 597 1703 eins
628 1641 748 1702 titulum
780 1641 837 1702 soli
859 1642 948 1702 Rom.
971 1641 1132 1720 pontifices
1163 1662 1207 1701 ar-

280 1729 411 1804 rogant,
457 1724 540 1805 quod
589 1726 746 1786 constituti
791 1731 861 1783 sunt
904 1744 995 1803 super
1031 1732 1140 1803 gentes
1177 1734 1205 1784 et

279 1827 390 1888 regna.

367 1924 462 2003 Igitur
484 1924 523 1984 de
546 1924 698 2003 propheta
721 1932 752 1985 et
774 1943 869 2003 opere
891 1924 1062 2003 prophetae
1087 1924 1207 2005 loeutus

282 2014 331 2067 est
353 2006 452 2081 Deus,
483 2008 557 2067 nihil
580 2007 619 2067 de
642 2007 861 2088 praecellentia
895 2006 1092 2068 sacerdotali.
1137 2006 1207 2067 Non
1310 2004 1314 2015 ”

282 2098 331 2150 est
353 2090 415 2149 alia
437 2091 656 2168 praecellentia
684 2093 713 2150 in
738 2091 881 2166 eeclesia,
905 2110 995 2171 quam
1019 2090 1102 2149 verbi
1124 2092 1209 2149 mini-

282 2174 420 2250 sterium,
444 2173 525 2251 qnod
549 2174 627 2233 bene
650 2175 769 2233 salvum
795 2180 906 2250 manet,
930 2176 955 2234 si
979 2173 1155 2233 sacerdotes
1178 2176 1207 2233 in

281 2256 427 2316 omnibus
450 2255 671 2336 temporalibus
695 2257 824 2317 subieeti
848 2258 908 2317 sint
930 2259 1078 2337 potestati
1103 2257 1208 2337 gladii,

283 2341 363 2401 sieut
388 2338 444 2398 fnit
470 2341 500 2399 in
532 2338 651 2400 Christo
690 2347 721 2401 et
755 2340 923 2420 apostolis,
961 2342 1000 2401 et'
1025 2340 1209 2420 primoribus

286 2442 453 2504 episeoprs.

363 2524 504 2602 Denique
517 2541 570 2582 our
588 2541 650 2582 non
669 2523 783 2602 evellit,
801 2523 937 2602 dissipat,
952 2523 1105 2597 aedificat,
1123 2523 1210 2602 plan-

284 2614 337 2685 tat,
361 2605 531 2666 sihoead
554 2607 763 2685 sepertinere
786 2607 893 2684 putat?
936 2607 1005 2667 Non
1041 2613 1111 2667 sunt
1146 2606 1209 2685 dig-

285 2690 390 2749 nitatis
415 2695 446 2748 et
468 2688 716 2768 praecellentiae,
739 2687 795 2749 sed
812 2689 924 2750 laboris
948 2693 978 2750 et
996 2689 1088 2750 oflieii
1106 2690 1210 2766 verba,

285 2792 365 2852 quae
396 2771 446 2831 bie
476 2778 639 2850 ponuntur.
682 2772 723 2830 Et
752 2772 874 2832 ubifuit
896 2792 1031 2832 summus
1066 2771 1210 2832 sacerdos

286 2857 316 2914 in
337 2855 420 2934 lege,
448 2855 473 2913 si
496 2854 638 2914 Ieremias
661 2855 722 2914 hoo
744 2854 849 2928 verbo,
873 2855 1029 2932 sacerdos,
1055 2855 1210 2915 eonstitui-

286 2947 333 2998 tur
356 2957 450 3017 super
471 2945 582 3017 gentes
605 2944 635 2997 et
657 2957 762 3017 regna,
787 2958 879 3017 super
900 2958 979 3016 quae
1003 2938 1057 2997 ille
1069 2959 1129 2998 non
1145 2947 1209 2997 erat

285 3021 479 3082 constitutus.
522 3020 580 3081 Ubi
603 3024 650 3080 est
673 3025 704 3082 et
724 3020 800 3080 illud
824 3040 963 3102 quoque,
1000 3021 1081 3098 quod
1111 3023 1212 3099 ponti-

284 3103 375 3165 lieem
403 3105 435 3163 in
469 3103 677 3182 spiritualibus
710 3103 871 3164 duntaxat·
895 3103 1084 3183 praecellere
1120 3103 1211 3178 dixit,

284 3188 414 3268 partitus
437 3206 505 3245 oum
529 3187 662 3247 Caesare
685 3188 857 3266 imperium,
882 3189 907 3246 si
931 3206 1021 3266 super
1044 3193 1152 3265 gentes
1182 3193 1212 3245 et

285 3289 382 3351 regna
405 3271 587 3329 constitutus
611 3276 666 3346 est,
690 3270 727 3329 ad
752 3271 834 3330 huno
857 3269 1001 3330 sensum?

370 3370 534 3430 Praeterea
555 3390 649 3430 nosse
671 3370 832 3447 debueras,
856 3370 938 3447 quod
960 3370 1032 3430 feeit
1045 3370 1129 3430 Deus
1151 3371 1211 3430 duo

285 3454 448 3514 luminaria
484 3473 596 3533 magna
628 3455 657 3512 in
686 3453 879 3513 firmamento
923 3453 1018 3530 eoeli,
1061 3453 1211 3514 luminare

286 3538 396 3613 maius,
409 3544 443 3594 ut
461 3545 599 3614 praesset
615 3537 684 3612 diei,
699 3543 730 3596 et
744 3537 894 3595 luminare
911 3537 1019 3612 minus,
1037 3543 1070 3596 ut
1087 3557 1212 3616 praees·

287 3626 333 3679 set
356 3620 456 3694 nocti,
486 3627 646 3697 utrumque
679 3624 842 3699 magnum,
876 3619 930 3677 sed
954 3620 1081 3679 alterum
1106 3622 1212 3679 maius

286 3701 335 3761 Ad
363 3701 588 3762 firmamentum
616 3703 707 3782 igitur
735 3703 830 3776 eoeli,
867 3700 897 3759 id
928 3711 989 3780 est,
1032 3702 1211 3762 universalis

288 3786 450 3861 eeolesiae,
473 3785 544 3844 feeit
565 3784 648 3844 Dens
671 3784 731 3844 duo
755 3784 917 3842 luminaria
940 3806 1068 3864 magna,
1100 3785 1129 3844 id
1155 3791 1211 3861 est,

286 3869 418 3928 instituit
440 3865 515 3927 duas
538 3867 712 3946 dignitates,
735 3886 814 3944 quae
832 3873 902 3926 sunt
919 3867 1105 3948 pontiliaalis
1126 3873 1211 3926 auto-

289 3953 361 4011 ritas
385 3957 416 4010 et
438 3951 550 4030 regalis
573 3957 721 4029 potestas,
745 3949 800 4009 sed
815 3949 877 4028 illa,
901 3970 980 4030 quae
1004 3957 1126 4030 praeest
1148 3947 1212 4006 die-

288 4033 353 4106 bus,
376 4033 408 4092 id
430 4040 485 4111 est,
508 4032 725 4113 spiritualibus,
749 4035 847 4092 maior
870 4041 925 4113 est,
949 4052 1028 4112 qnae
1051 4049 1123 4090 vero
1147 4049 1209 4090 aar·

288 4117 419 4195 nalibus,
442 4117 551 4177 minor.
573 4115 634 4175 ‘Et
656 4122 771 4193 quanta
799 4122 847 4175 est
867 4118 946 4175 inter
971 4113 1069 4173 solem
1102 4117 1133 4170 et
1168 4112 1210 4170 lu-
