3075 4775
315 534 381 606 430
565 539 609 594 lli.
628 539 735 596 boneio
754 539 788 594 de
808 539 982 595 consessione

318 735 429 805 mtum,
452 729 609 806 Semnum,
630 729 703 788 item
719 725 865 787 mnndum
879 725 1009 786 militare
1023 725 1125 788 debet.
1160 727 1242 788 Ante

318 813 423 873 omnis
436 813 528 892 igitur
548 811 781 892 diligentissime
802 809 970 870 memoriae
992 809 1243 872 commendanda
1295 803 1305 814 ”
1364 824 1367 834 ’

317 903 389 956 sunt
409 895 513 972 verba,
536 895 644 975 quibus
666 894 803 956 Christus
826 892 886 953 hoc
908 901 1134 954 sacramentum
1156 895 1242 954 insti-

318 979 383 1063 tuit,
405 997 517 1059 nempe
537 978 629 1042 heac:

401 1061 584 1122 Dominus
601 1061 706 1120 lesus
723 1061 760 1119 in
777 1077 821 1120 ea
837 1065 960 1136 nocte,
980 1077 1053 1140 qua
1071 1059 1242 1121 traditus

318 1153 385 1223 est,
414 1145 573 1225 accepit
599 1161 749 1224 punem,
784 1150 822 1203 et
850 1149 1057 1222 postquam
1087 1145 1242 1226 gratias

318 1229 485 1310 egisset,
518 1227 670 1308 fregit,
691 1233 732 1287 et
761 1224 873 1286 dedit
907 1223 1119 1306 discipulis
1148 1229 1243 1300 suia,

318 1309 470 1372 disens:
492 1310 685 1390 Accipite,
702 1308 906 1382 comedite,
930 1307 1004 1369 hoc
1021 1317 1079 1370 est
1096 1327 1242 1390 corpus

319 1414 456 1472 meum,
485 1393 587 1474 quod
617 1413 685 1474 pro
708 1391 821 1453 vobis
844 1391 966 1454 datur.
1011 1389 1090 1454 Hoc
1118 1393 1243 1454 facite

317 1477 356 1538 in
377 1478 450 1537 mei
472 1476 891 1537 commemorationem.

401 1561 600 1636 Similiter,
623 1566 831 1638 postquam
856 1559 1049 1636 coenavit,
1071 1567 1241 1639 eccepto

319 1643 461 1721 culice,
495 1661 576 1702 cum
615 1643 768 1722 gratiss
803 1642 965 1722 egisset,
999 1639 1110 1702 dedit
1141 1641 1242 1720 illis,

318 1725 472 1786 dicens:
511 1717 644 1785 Bibite
676 1742 721 1784 ex
754 1724 827 1784 hou
859 1741 1008 1802 ornnes,
1042 1723 1104 1784 hic
1135 1725 1242 1784 calix

318 1827 456 1870 novum
482 1815 759 1868 testamentum
788 1814 847 1866 est
868 1808 904 1866 in
927 1827 1010 1868 ruso
1035 1809 1242 1888 sanguine,

318 1895 382 1973 qui
413 1911 482 1972 pro
515 1892 628 1952 vobis
652 1889 882 1950 effunditur
903 1891 939 1950 in
961 1891 1242 1952 remissionem

212 2013 220 2032 s
318 1983 583 2056 pennatorum,
627 1975 699 2034 hoc
738 1973 879 2051 facite,
923 1970 1242 2054 quotiescunque

318 2057 524 2136 biberitis,
545 2059 582 2117 in
605 2058 679 2116 mei
705 2057 1128 2117 commemorationem.

400 2141 486 2202 Haec
502 2147 573 2200 sunt
589 2139 692 2219 verba,
716 2157 796 2219 quus
809 2155 910 2220 neque
931 2139 1000 2220 ipsi,
1023 2159 1124 2220 neque
1146 2141 1242 2200 ctiam

319 2223 412 2285 Satan
435 2241 552 2304 negare
573 2224 702 2303 poterit,
725 2225 756 2283 in
779 2241 858 2300 queo
878 2221 1018 2303 figendus
1042 2243 1096 2302 pes
1119 2231 1185 2300 est,
1209 2231 1243 2284 ut

319 2306 447 2366 firmiter
474 2307 505 2366 in
533 2307 570 2365 iis
600 2305 827 2366 consistamus?
864 2303 941 2366 Sunt
971 2315 1074 2366 autem
1097 2305 1182 2366 nuda
1204 2324 1243 2368 ac

318 2391 507 2471 planissima,
531 2408 610 2470 quae
629 2390 719 2449 nullis
737 2390 1041 2469 interpretationibus
1064 2389 1147 2451 eludi
1170 2409 1242 2471 pos·

319 2480 404 2552 sunt,
435 2474 517 2554 quod
547 2482 577 2533 et
604 2475 691 2554 panis
722 2473 761 2533 sit
789 2472 899 2533 Christi
930 2490 1042 2553 corpus
1071 2474 1242 2553 pronubis

318 2558 472 2636 nuditum,
495 2566 526 2617 ct
540 2556 620 2617 culix
637 2557 748 2617 curisti
767 2557 902 2636 sanguis,
925 2575 981 2636 pro
1004 2555 1091 2617 vobis
1115 2556 1243 2635 effusus,
1309 2622 1315 2633 ,

320 2648 351 2703 et
370 2641 511 2701 iubemur
531 2640 584 2701 illa
606 2640 707 2700 lacere
728 2638 758 2698 in
782 2640 1107 2700 cornmcmoraticnem
1132 2641 1244 2721 ipsius.

403 2725 564 2787 Diversum
603 2730 706 2783 autem
746 2722 890 2803 Papistsc
927 2722 1121 2785 mandarunt.
1166 2722 1244 2783 Cum

319 2809 413 2889 igitur
440 2826 496 2887 pro
526 2806 678 2867 concione
705 2804 856 2866 dixerint:
891 2806 954 2866 Vos
976 2804 1059 2866 Laioi
1081 2806 1159 2867 haec
1181 2823 1246 2867 uun

320 2890 506 2971 intelligitis,
530 2907 631 2969 neque
653 2889 726 2949 licet
746 2888 835 2951 vobis
858 2888 917 2949 ista
937 2889 1141 2969 interpretari,
1164 2908 1246 2951 erra·

319 2975 357 3035 tis
384 2975 491 3054 igitur,
524 2971 694 3051 responde:
731 2972 778 3032 ius
814 2972 1035 3052 interpretandi
1076 2975 1244 3053 scripturas

320 3075 419 3137 seque
437 3057 536 3117 Laicis
553 3074 737 3115 conoessum
755 3061 928 3133 essentque
940 3054 1048 3116 doctis.
1076 3056 1118 3117 ut
1140 3074 1245 3136 quem-

321 3140 486 3201 admodum
519 3140 597 3216 illis,
639 3139 682 3199 ita
708 3138 798 3200 uobis
828 3156 952 3217 quoque
980 3138 1155 3201 mandatum
1187 3152 1246 3219 cst,

321 3230 355 3283 ut
367 3223 527 3284 credemus
541 3224 572 3281 iu
587 3220 695 3298 Deum,
718 3228 751 3281 ut
765 3228 903 3285 nostram
918 3220 1019 3282 fidem
1031 3220 1246 3301 conliteamur,

320 3324 358 3367 ac
380 3308 487 3367 omnia
508 3310 674 3387 praecepta
693 3305 750 3365 Dei
773 3322 939 3368 servemus.
982 3304 1137 3366 Habemus
1161 3306 1245 3365 enim

321 3388 453 3450 eundem
476 3389 588 3468 Deum,
616 3406 707 3468 quam
734 3389 793 3467 ipsi
820 3388 934 3449 habere
964 3386 1139 3464 sedicunt,
1170 3408 1245 3468 qno-

321 3472 417 3533 modo
444 3481 546 3533 autem
574 3470 751 3548 credemus,
780 3472 805 3531 si
833 3478 886 3531 aut
907 3470 1033 3532 verbum
1054 3468 1247 3552 ignoremus,

322 3563 376 3616 aut
403 3575 465 3616 non
488 3556 711 3636 intelligamus,
739 3572 809 3614 cum
833 3568 906 3635 ergo
930 3554 1107 3614 mandatum
1131 3552 1247 3615 hebes-

227 3683 232 3692 t
323 3657 399 3719 mus,
422 3639 653 3712 menedemus,
677 3656 805 3698 necasse
828 3656 951 3717 quoque
973 3646 1029 3718 est,
1052 3644 1085 3699 ut
1106 3636 1247 3716 verbum,

322 3724 371 3784 cui
398 3722 593 3797 credendum„
613 3729 676 3800 est,
707 3722 850 3784 sciamus.
895 3720 1001 3801 Neque
1032 3722 1112 3781 enim
1141 3727 1250 3801 potest

323 3824 392 3867 esso
411 3806 490 3867 lldes
512 3807 579 3865 sine
602 3806 706 3865 verbo.

284 3885 291 3899 ’
405 3892 569 3951 Praeterea
597 3888 658 3947 boc
679 3903 803 3967 quoque
825 3886 914 3949 nobis
935 3885 1102 3963 incumbit,
1134 3888 1166 3943 ut
1189 3883 1246 3945 illo

323 3973 417 4036 verbo
445 3975 597 4050 nitamur,
624 3978 657 4030 et
684 3978 792 4031 contra
814 3987 923 4031 omnes
947 3968 1077 4029 insultus
1098 3966 1248 4045 Selenes,

321 4059 442 4140 pseusti
467 4063 501 4117 ct
530 4053 632 4115 mundi
653 4072 713 4115 nos
736 4053 962 4132 defendamus,
992 4054 1082 4131 item,
1110 4056 1249 4130 atquae
