3075 4775
502 548 575 608 Xffl.
595 548 629 604 de
647 553 785 618 powele
804 549 905 617 ΡΨ·
1121 546 1183 613 371.

262 754 390 815 pom,
419 734 475 797 sed
492 734 597 815 plebis
616 730 752 797 mxime
774 736 815 797 sit
836 706 954 813 eligere·
969 742 1025 796 eut
1045 752 1186 795 reeusere

158 863 159 898 4
265 820 441 899 episeopos,
459 819 552 881 dieit:
572 818 704 898 Propter
725 817 810 898 quod
833 816 920 897 plebs
938 817 1112 897 obsequens
1134 819 1187 881 do·

158 907 159 932 ¹
267 903 386 965 miuioie
416 903 588 982 praeceptis
617 909 648 964 et
677 902 777 963 Deum
809 908 947 963 metuens
976 921 995 961 e
1023 909 1186 980 peecatore

158 999 159 1038 ξ
264 986 444 1065 praeposito
465 1004 610 1081 seperare
632 1004 667 1045 se
687 984 799 1062 debet,
832 1004 891 1045 nee
919 1004 954 1045 se
982 982 1021 1043 ed
1043 986 1186 1065 sacrilegi

264 1067 436 1131 sacerdotis
463 1066 615 1130 seurfieiu
638 1069 785 1145 miseere,
808 1066 931 1146 quondo
958 1069 1026 1147 ipse
1053 1069 1186 1129 maxime

265 1151 378 1215 habeut
407 1159 592 1231 potestatem
622 1151 671 1211 rel
696 1150 832 1232 eligendi
861 1150 971 1230 dignos
999 1150 1186 1228 saeerdotes,

264 1234 314 1295 rel
348 1232 495 1317 indignos
526 1234 697 1298 recusandi.
744 1234 836 1309 Quod
865 1240 897 1293 et
926 1236 1024 1313 ipsum
1048 1233 1185 1296 videmus

265 1317 305 1377 de
327 1317 431 1386 divine
452 1320 617 1381 autoritate
639 1318 844 1393 deseendere,
874 1324 905 1377 ut
927 1315 1072 1377 seeerdos
1095 1317 1185 1397 plebe

265 1408 433 1481 praesente
458 1400 515 1463 sub
538 1402 675 1463 omnium
698 1401 796 1461 oeulis
819 1400 987 1481 deligatur,
1023 1408 1053 1459 et
1075 1399 1185 1481 dignus

262 1492 359 1563 etque
378 1484 510 1546 idoneus
531 1484 656 1564 publico
691 1484 805 1545 iudicio
835 1503 873 1545 ee
903 1484 1079 1545 testimonio
1104 1502 1185 1543 eom-

264 1566 419 1647 probetur,
441 1570 520 1629 sieut
539 1569 571 1627 in
592 1568 734 1629 Numerie
759 1568 838 1629 Mosi
862 1568 1019 1647 preeeepit
1036 1566 1184 1627 Dominus

264 1649 388 1714 dioeuez
421 1650 581 1713 Prehende
609 1656 714 1713 Aaron
740 1652 865 1713 fratrem
896 1658 978 1713 tuum
1005 1658 1039 1711 et
1061 1650 1184 1711 eleaza-

264 1733 447 1797 mutilium
470 1736 560 1811 eius,
573 1742 611 1797 et.
626 1736 768 1814 impones
791 1736 898 1796 eosiu
922 1740 1057 1795 montem
1081 1752 1205 1795 eorem·

264 1818 349 1877 omni
372 1836 543 1899 synagoge,
565 1825 596 1878 et
617 1837 696 1882 exue
718 1818 822 1879 Aaron
844 1817 955 1879 stolum
978 1818 1057 1893 eius,
1089 1824 1125 1877 et·
1143 1818 1185 1879 iu-

260 1900 324 1962 due
344 1900 527 1963 Eleazarum
547 1900 645 1961 filium
669 1902 744 1979 eius,
767 1908 799 1961 et
818 1901 922 1963 Aaron
940 1902 1098 1978 appositus
1122 1919 1185 1958 mo·

263 1984 360 2046 rietur
378 1984 450 2047 illie.
478 1984 590 2046 Corum
614 1986 697 2045 omni
719 2002 881 2063 synagoga
902 1984 988 2044 iubet
1007 1984 1090 2043 Deus
1114 2002 1184 2042 eou-

262 2068 347 2128 str'tui
372 2066 582 2143 soeerdotem,
604 2067 722 2143 idest,
748 2068 869 2129 instruit
897 2072 928 2127 et
949 2066 1084 2127 ostendit
1108 2065 1184 2127 ordi·

264 2150 407 2213 nationes
429 2150 653 2228 sacerdotates,
673 2170 736 2212 nou
758 2152 817 2211 nisi
840 2150 895 2211 sub
912 2151 1017 2229 populi
1041 2150 1185 2210 assister-

263 2236 301 2295 tis
324 2234 516 2296 eonscientie
550 2234 616 2295 fieri
638 2241 799 2315 oportere,
833 2240 866 2295 ut
904 2233 996 2313 plebe
1022 2240 1185 2313 praesente

263 2316 314 2377 rel
344 2316 528 2398 detegentur
561 2317 711 2379 malorum
740 2318 887 2394 erimina,
921 2317 970 2376 vel
992 2315 1183 2394 bonorum1)

265 2403 375 2463 merite
397 2401 626 2481 pruedioeutur,
662 2410 693 2461 et
709 2403 762 2462 -sit
783 2401 935 2463 ordinatio
958 2402 1037 2461 iuste
1059 2409 1090 2462 et
1111 2401 1187 2480 legi·

263 2487 352 2562 time,
380 2503 461 2564 quoe
482 2486 619 2546 omnium
641 2483 786 2565 suffragio
818 2492 849 2544 et
869 2483 983 2544 iudieio
1005 2485 1096 2545 fuerit
1116 2503 1186 2545 exe·

265 2570 392 2630 minate.

158 2644 159 2717 l
304 2665 308 2671 ’
346 2649 440 2726 Quod
467 2655 578 2731 posteo
606 2650 774 2712 seeundum
804 2649 909 2712 divine
937 2650 1112 2729 magisteria
1133 2648 1186 2709 ob-

158 2748 159 2799 }
264 2741 405 2797 matur
429 2736 460 2794 iu
492 2735 560 2795 Aet.
587 2733 865 2815 apostolorum*),
894 2732 1018 2812 quondo
1046 2732 1085 2792 de
1107 2730 1186 2792 ordi-

158 2856 159 2913 ξ
263 2818 368 2881 nunde
396 2819 427 2879 in
454 2818 556 2879 looum
584 2817 678 2878 Iudae
698 2818 849 2904 episeopo
872 2817 979 2876 Petrus
1002 2815 1041 2875 sd
1063 2815 1184 2894 plebem
1208 2843 1210 2850 ·

265 2902 415 2981 loquitur:
438 2899 590 2977 Surrexit,
620 2902 733 2979 inquit,
761 2901 921 2961 Petrusin
945 2898 1047 2959 medio
1068 2898 1185 2958 disoen-

158 3024 159 3065 3
263 2984 397 3059 tlum²)‚
425 2984 482 3044 fuit
502 2991 604 3046 eutem
618 2983 710 3046 turbe
730 2985 761 3044 in
784 3003 856 3044 uno.
898 2983 963 3042 Neo
989 2983 1049 3044 hoo
1070 2983 1101 3042 in
1124 2983 1185 3061 epi-

158 3098 159 3141 l
264 3087 429 3148 neoporum
453 3074 570 3128 tautum
600 3075 632 3127 et
656 3067 869 3143 sacerdotum,
904 3066 960 3128 sed
988 3068 1023 3126 iu
1042 3064 1185 3126 dieoouo-

265 3171 331 3216 rum
356 3150 551 3213 ordinatione
578 3151 761 3212 observasse
788 3149 949 3229 apostolos
972 3148 1186 3210 animadverti-

158 3220 159 3263 ὲ
263 3255 341 3314 mus,
363 3233 404 3294 de
425 3253 493 3313 quo·
507 3241 540 3294 et
560 3235 630 3313 ipso
652 3235 683 3294 in
706 3236 775 3294 Aet
790 3231 1067 3312 aport0101·um**)
1094 3233 1186 3310 seriP·

264 3326 327 3380 tum
349 3325 415 3380 est:
442 3317 485 3380 Iu
511 3323 775 3394 oonvoeeveruut,
809 3317 926 3394 inquit,
956 3316 1001 3376 illi
1023 3315 1185 3376 duodeeim

265 3408 361 3464 totum
384 3400 507 3481 plebeus
530 3400 761 3480 discipulorum,
784 3406 816 3459 et
840 3400 984 3461 dixerunt
1003 3399 1056 3462 eis.
1097 3398 1187 3472 Quod

262 3486 368 3564 utique
397 3483 513 3546 ideireo
541 3491 603 3543 tum
638 3483 801 3563 diligenter
829 3491 861 3542 et
892 3491 982 3542 ceute
1013 3492 1186 3558 eonpooete

265 3567 363 3648 plebe·
384 3574 450 3629 tote
476 3567 657 3647 gerebatur,
688 3587 727 3626 ne
759 3566 826 3645 quis
858 3565 896 3625 ed
925 3565 1030 3628 altaris
1053 3567 1186 3628 ministe-

263 3653 359 3730 rium,
394 3650 445 3712 vel
475 3649 515 3712 ed
545 3649 769 3712 saeerdotelem
798 3649 900 3708 loeurn
928 3649 1071 3729 indignus
1101 3649 1186 3710 obre-

263 3742 360 3815 peret

336 3948 367 4010 1)
389 3943 419 3996 In
439 3944 502 3998 edit.
523 3949 611 4014 orig.:
631 3945 779 3997 melorum.
806 3942 838 4007 2)
861 3943 891 3994 In
911 3942 953 3995 ed.
972 3942 1032 3994 Jen.
1054 3945 1080 3993 et
1099 3939 1185 3992 wilt:

262 4017 473 4087 discipulorum.
596 4061 602 4068 .
719 4051 724 4060 .

337 4091 369 4155 *)
387 4087 449 4158 ¹det.
469 4090 494 4141 1.
535 4089 583 4156 “l
604 4089 663 4141 Aet.
682 4087 708 4142 6.

896 4125 974 4218 24'*
