3075 4775
427 568 432 588 ‘
498 559 633 615 adversus
654 561 862 615 criminationes
882 560 999 615 buthan.
1196 560 1216 625 5

292 749 389 810 sitatis
427 749 550 810 tramite
583 747 721 828 deviare,
744 735 831 829 'quid
866 748 904 811 ab
939 743 1026 811 initio
1061 751 1214 830 egerimus

293 831 408 913 quidve
432 839 570 894 secutum
594 851 662 892 eum
685 831 811 894 Andrea
826 832 1015 906 Bodenstein
1037 831 1138 906 luerit,
1160 835 1213 894 mi·

220 989 224 993 ,
292 917 376 976 nime
406 935 463 976 vos
486 917 641 997 praeterit.
683 917 726 976 At
758 935 826 976 cum
856 935 978 996 semper
1009 915 1090 976 istud
1117 935 1215 999 genus

292 997 517 1060 invectivarum
540 997 691 1060 scribendi
715 999 849 1074 oderim,
873 1001 1017 1060 constitui
1040 1000 1141 1060 faeere
1163 1019 1215 1084 pe

291 1083 421 1142 ticulum
444 1081 547 1143 iudicii
581 1082 640 1142 mei
665 1099 768 1143 eoram
792 1082 995 1158 doctissimis,
1031 1083 1214 1164 inquorum

293 1165 464 1226 sententias
485 1165 675 1227 intellectum
698 1185 800 1226 meum
824 1166 1012 1245 captivarem
1044 1172 1075 1226 et
1100 1167 1130 1226 in
1154 1186 1215 1227 ser-

256 1275 260 1285 ·
291 1249 405 1310 vitutes
427 1247 615 1332 redigerem,
649 1249 749 1308 sciens
779 1247 863 1329 quod
884 1247 1035 1329 philautia
1058 1245 1097 1308 sit
1118 1256 1215 1310 mater

292 1350 440 1408 errorum,
464 1339 494 1392 et
517 1331 599 1413 quod
622 1331 819 1412 singularitas
841 1333 872 1391 in
890 1331 1103 1412 praecipitium
1121 1333 1214 1414 cogit,

292 1421 327 1475 nt
353 1415 396 1475 ait
417 1414 524 1495 Rern,
557 1425 588 1475 et
618 1415 703 1475 nolle
726 1415 853 1475 credere
874 1413 1121 1495 prudentioribus
1144 1412 1215 1475 stul·

239 1535 242 1542 .
294 1497 362 1558 titia
383 1498 440 1576 sit,
469 1503 503 1558 ut
524 1497 651 1558 Boetius
673 1504 812 1558 testatur.
856 1495 947 1573 Quod
979 1497 1035 1558 etsi
1057 1516 1113 1576 per
1134 1495 1213 1557 Con-

275 1581 510 1642 ‘taverssrium
542 1579 592 1642 diu
615 1570 836 1662 congrediendi
856 1581 986 1642 facultas
1014 1581 1105 1640 fuerit
1126 1599 1215 1662 prae-
1316 1645 1321 1659 ,

292 1663 398 1741 clusa,
434 1663 560 1725 tandem
582 1665 613 1724 in
635 1663 798 1744 Liptnense
831 1663 968 1725 Studium
1001 1665 1213 1742 convenimus,

292 1745 343 1808 ubi
376 1746 450 1807 dum
484 1757 515 1808 et
535 1737 697 1830 Aug'ustini
721 1749 809 1828 jussa
832 1755 954 1807 secutus
972 1745 1090 1807 futurae
1112 1747 1213 1828 dispo·

292 1830 418 1892 tationis
433 1850 591 1891 summam
613 1829 728 1891 scheda
749 1849 878 1892 exarare
899 1831 1013 1908 curavi,
1028 1831 1120 1894 etiam
1145 1829 1214 1892 sub·
1242 1891 1251 1905 χ

290 1913 414 1994 itaria,‘
434 1913 513 1975 adeo
542 1920 659 1974 utnon
681 1913 903 1994 poenitendum
926 1913 1085 1974 articulum
1109 1912 1148 1973 de
1162 1913 1213 1979 lib.

292 1996 356 2058 arb.
389 1999 422 2057 et
449 1995 510 2058 tide
544 1997 744 2078 negligerem.
788 1997 949 2057 Hac=tum
978 1995 1092 2056 scheda
1119 1995 1158 2057 ad
1180 1995 1213 2060 F.

293 2081 377 2140 biart.
400 2079 506 2141 Lutter
532 2099 588 2162 per
616 2099 665 2140 me
687 2081 897 2161 transmissa,·
915 2087 956 2140 ut
976 2091 1023 2141 est
1044 2078 1214 2141 mordendo

291 2163 543 2244 potentissimus,
585 2163 748 2224 confestim
783 2163 953 2245 Epistolam
990 2164 1214 2244 propugnatori

293 2265 349 2306 suo
379 2245 553 2308 dedicatam
576 2245 795 2308 disseminavit.
839 2244 926 2322 Quae
964 2265 1002 2306 an
1026 2246 1214 2327 respondeat

292 2327 448 2391 Eeeianae
471 2329 656 2411 modestiae,
679 2330 804 2393 lectoris
827 2329 985 2391 committo
1007 2329 1131 2391 iudicio.
1173 2327 1216 2390 At

294 2415 367 2494 quia
386 2404 563 2475 istiusmodi
582 2432 683 2495 genus
705 2413 880 2485 hominum,
908 2422 941 2473 ut
962 2412 1075 2475 Beatus
1097 2412 1214 2494 Grego-

292 2498 353 2557 rius
374 2494 519 2574 affirmat,
541 2501 680 2557 tacentes
703 2495 788 2557 solos
810 2502 903 2575 amat,
925 2515 988 2558 non
1006 2514 1215 2558 moveornec

293 2578 437 2641 offendor
464 2579 600 2641 mordaci
623 2600 680 2641 sua
696 2580 836 2661 epistola.
881 2578 1005 2641 Utinam
1029 2579 1141 2661 dignus
1162 2579 1214 2639 ha-

294 2662 399 2739 berer,
429 2662 515 2724 velut
536 2663 671 2745 apostoli
693 2662 920 2745 gloriabantur,
955 2681 1011 2743 pro
1033 2662 1162 2723 veritate
1184 2662 1216 2723 et

292 2746 428 2806 Domino
451 2745 526 2807 lesu
555 2746 774 2808 contumeliam
796 2746 870 2826 pati.
914 2744 1090 2807 Curandum
1111 2752 1215 2805 tamen

294 2828 368 2889 mihi
391 2828 496 2908 video,
518 2848 558 2889 ne
569 2828 672 2909 pusilli
695 2828 899 2909 offendantur,
922 2829 975 2908 qui
993 2828 1114 2888 facilem
1129 2846 1215 2907 prae-

292 2911 404 2973 berent
425 2910 606 2974 detrahendi
629 2930 806 2993 assensum,
841 2912 867 2973 si
888 2909 1005 2971 nullam
1032 2930 1071 2971 ex
1093 2928 1143 2969 me
1163 2908 1216 2969 ha·

293 2994 403 3057 berent
424 2996 668 3058 excusationem.

377 3078 481 3159 Aegre
508 3077 567 3139 lert
592 3078 749 3154 Lutterus,
780 3076 879 3158 quod,
913 3075 985 3138 dum
1006 3074 1216 3157 promisissem

295 3160 518 3242 disputaturum
548 3180 598 3223 me
626 3160 875 3223 Dtssodenstein
896 3160 1034 3240 Lipsiae,
1063 3161 1095 3220 in
1117 3160 1216 3240 ipsum
1252 3230 1257 3241 ,

295 3246 438 3305 verterim
462 3245 628 3326 impetum,
645 3250 706 3323 et,
728 3251 761 3304 ut
783 3251 831 3305 est
851 3250 934 3305 totus
956 3242 1099 3317 olibrius,
1132 3240 1218 3304 addit

296 3347 329 3389 se
363 3327 485 3389 nescire
514 3348 553 3389 an
580 3347 723 3390 ranarum
752 3346 792 3388 an
820 3346 1010 3387 muscarum:
1043 3326 1164 3387 interim
1186 3326 1216 3385 iu

296 3428 366 3472 anas
390 3430 488 3491 nugas
511 3410 550 3471 de
578 3411 778 3493 indulgentiis
800 3409 1016 3489 debacchatus,
1038 3411 1076 3471 D.
1097 3407 1218 3471 Boden·

296 3496 375 3555 stein
397 3492 481 3554 dieta
502 3494 587 3555 velut
605 3512 737 3576 paterga
765 3500 798 3575 et
818 3512 938 3554 summo
961 3493 1045 3574 quod
1067 3494 1154 3554 aiunt
1175 3490 1218 3552 di-

256 3588 269 3601 ·
296 3577 392 3659 gitulo
414 3579 466 3638 vix
479 3577 647 3658 attigerim:
671 3584 703 3637 at
725 3594 815 3657 quam
829 3573 1024 3657 impudenter
1045 3577 1123 3638 haec
1145 3573 1217 3635 mihi

297 3659 466 3739 adscribat,
502 3658 627 3722 lectoris
658 3680 720 3721 non
748 3658 827 3720 fallit
848 3657 1004 3720 indicium.
1046 3658 1126 3720 Nam
1149 3677 1217 3720 oum

297 3743 484 3805 llodenstein
508 3744 548 3803 sit
575 3742 690 3805 Lutteri
715 3750 927 3824 propugnator
949 3749 980 3803 et
1001 3741 1219 3804 adnotationes

298 3844 380 3887 meas
413 3836 475 3887 tres
505 3828 537 3886 in
571 3826 725 3908 disputata
745 3824 861 3887 Lutteri
895 3825 934 3887 de
954 3824 1157 3907 indulgentiis
1179 3823 1219 3885 ad

296 3910 447 3971 Revereri.
491 3908 680 3991 Episcopum
713 3928 814 3979 meum
838 3910 1040 3991 Eystetenum
1075 3907 1217 3988 privatim

296 3993 393 4054 laetas
415 4009 477 4055 non
500 3999 563 4053 tam
585 3992 676 4056 doale
703 4012 794 4074 quam
818 3991 1003 4055 mordaciter
1023 3989 1219 4070 improbave-

295 4076 343 4158 rit,
364 4095 403 4138 ac
422 4076 549 4157 reliquis
569 4076 656 4141 idem
673 4076 828 4159 pollicitus
850 4095 914 4137 non
930 4082 1046 4136 tumme
1058 4068 1218 4165 materiam
