3075 4775
469 572 473 578 ·
523 542 597 600 2111..
617 541 656 598 de
671 548 811 614 petsstste
831 542 941 613 Pupu.¹
1128 536 1190 606 dih

267 732 381 793 ffiristi
401 734 433 793 in
453 733 587 796 Ronrem
607 739 758 812 mestum,
780 732 865 802 euius
888 738 960 793 sunt
981 750 1089 793 omnes
1111 729 1191 792 huss

245 816 390 877 'omes
423 816 609 880 Psn1.2.et
637 815 728 892 221).
781 815 832 876 An
854 834 916 875 non
947 816 1191 895 semiepiscopi,

269 901 341 978 quie
363 918 426 960 non
448 899 701 977 induenti-estes,
723 919 786 959 non
799 899 915 960 hebent
935 900 1059 979 palatis,
1081 917 1190 977 equos,

268 984 406 1062 abusque
429 1000 561 1063 pompeo
582 983 759 1044 Romanos?
795 982 928 1059 Sufficit,
957 982 1039 1062 quod
1062 981 1193 1043 verbum

270 1067 325 1127 Dei
349 1066 478 1141 docent
506 1066 588 1146 quod
611 1066 743 1147 diligunt
762 1084 801 1127 sc
823 1066 999 1145 pascuum).
1044 1064 1123 1140 Quis
1145 1066 1192 1125 sie

269 1162 328 1211 uec
356 1150 518 1229 apostolos
544 1149 741 1211 confiteberis
769 1150 932 1230 episcopos
957 1150 1069 1225 fuisse
1100 1149 1125 1208 si
1141 1147 1192 1207 fs

271 1235 348 1293 ciem
378 1253 495 1308 rerum,
528 1252 591 1293 nou
620 1252 670 1293 res
697 1234 783 1313 ipsse
813 1233 1016 1313 contemplari
1038 1230 1191 1312 coeperis.

269 1316 335 1377 hno
363 1336 403 1377 eo
432 1280 575 1377 medones
597 1317 750 1413 episcopi
786 1335 847 1395 quo
874 1336 913 1376 s·
907 1317 1014 1377 deruis
1043 1316 1191 1377 facierum

157 1445 158 1455 ,
270 1400 463 1478 remotiores,
486 1407 517 1460 et
540 1419 579 1460 eo
600 1402 702 1459 minue
722 1400 949 1480 episcopique
971 1400 1143 1481 propiores.

354 1482 483 1559 Octavo,
504 1483 609 1543 scribit
629 1483 835 1563 Hieronymus
857 1483 896 1544 de
917 1481 1084 1545 illustribus
1108 1483 1192 1560 viris,

272 1565 353 1646 qnod
385 1565 532 1626 Aehotius
565 1568 730 1647 episeopus
761 1566 985 1643 Doessriensis‚
1019 1565 1191 1645 discipulus

272 1648 398 1710 Eusebii
418 1649 588 1729 Pamphili,
611 1651 782 1729 imperante
804 1650 1002 1727 Constantio,
1037 1649 1190 1711 Liberium

272 1732 387 1813 Papam
416 1732 609 1813 deposuerit,
642 1741 675 1792 et
695 1733 827 1793 Felicem
858 1736 1060 1796 constituerit.
1104 1733 1193 1811 item,

273 1816 440 1876 Iohannem
469 1815 723 1896 chrysostomum
760 1836 824 1876 non
851 1818 1009 1878 Romanus
1039 1817 1192 1890 Penthea,

273 1899 326 1959 sed
349 1899 540 1978 Theophilus
560 1899 789 1959 Alexandrinus
816 1905 847 1959 et
872 1899 1074 1981 Epiphanius,
1098 1899 1193 1979 Cypri

275 1984 413 2062 episcopi
441 1985 492 2052 (st
517 1984 547 2041 in
576 1984 689 2062 tripert
700 1991 723 2060 i,
746 1983 965 2063 deposuerunt.
1008 1983 1093 2043 Idem
1121 1982 1191 2062 Dpi·

275 2066 404 2145 phemius
435 2064 530 2145 Cypri
559 2067 659 2126 minor
688 2066 853 2146 episeopus
882 2067 1019 2129 lohsune
1046 2066 1190 2126 Hieroso
1227 2066 1230 2073 ’

274 2148 424 2229 lymiteno
464 2149 613 2245 episeopo
648 2148 779 2208 eundem
811 2150 1105 2229 exeommunieevit,
1142 2146 1191 2231 [et

274 2233 426 2311 poenituit
446 2231 691 2292 communicasse
721 2251 789 2292 oum
812 2228 884 2309 illo,
919 2241 952 2293 ut
983 2234 1020 2293 D.
1041 2232 1193 2320 Hiero-ny

273 2333 338 2374 mus
362 2315 466 2375 scribit
494 2322 601 2375 contre
628 2314 790 2413 eundem]
834 2316 874 2376 Dt
903 2319 928 2377 si
949 2317 1093 2377 historias
1115 2332 1192 2377 eon-

273 2398 405 2472 sidereo
435 2399 593 2478 quomodo
623 2418 704 2458 nunc
731 2401 934 2479 imperatores
956 2401 1087 2498 Papum
1109 2417 1193 2460 nune

275 2490 383 2559 cosme
407 2481 523 2562 Pspom
545 2484 764 2562 imperotores,
795 2484 867 2543 item
908 2484 992 2564 Papo
1016 2484 1190 2564 episeopus,

274 2574 304 2625 et
324 2565 463 2644 episcopi
485 2566 599 2645 Papum
615 2567 768 2644 nmterint,
791 2568 960 2648 statuerint,
983 2566 1192 2646 deposuerint,

157 2650 158 2671 d
273 2649 380 2708 credes
402 2657 432 2708 te
452 2648 550 2708 Iiieds
571 2649 724 2728 quendem
749 2649 868 2728 videre,
891 2668 949 2709 nec
972 2651 1097 2725 mirum,
1120 2649 1193 2727 quis

274 2729 428 2794 Christum
461 2751 522 2792 non
546 2731 722 2809 audierunt,
754 2733 937 2794 ambitiones
967 2731 1192 2813 prohibentem,

272 2814 343 2874 ideo
367 2815 458 2874 toties
480 2814 667 2875 colliduntur
687 2824 718 2876 et
739 2815 948 2892 turbentur3).

356 2897 463 2975 Nono,
498 2898 570 2978 quid
599 2897 640 2958 sd
667 2899 728 2959 hoe
749 2896 956 2978 dicemus⁴)?
1000 2899 1122 2959 Veiens
1144 2907 1193 2957 eet

272 2981 326 3042 iiie
348 2982 514 3060 sententis,
535 2999 628 3061 quem
649 2988 716 3042 tote
733 2983 878 3060 ecelesia,
901 2984 1007 3043 omnis
1028 2983 1120 3042 etism
1132 2981 1192 3042 De-

273 3071 366 3141 creto,
389 3077 496 3124 omnes
519 3063 663 3126 doetmm
684 3072 804 3140 tenent,
826 3085 895 3126 esse
908 3065 1053 3126 videlicet
1074 3064 1192 3142 episeo-

273 3167 329 3227 pos
352 3147 564 3226 apostolorum
577 3164 776 3209 successores
796 3155 829 3210 ut
848 3149 917 3208 dist.
932 3151 980 3211 21.
1003 3149 1036 3208 in·
1057 3147 1192 3223 nov05).

157 3232 158 3235 ’
273 3231 304 3292 Si
325 3238 375 3292 est
395 3230 482 3303 isles,
504 3231 725 3309 quidiectstur
739 3239 826 3293 tante
838 3231 1021 3292 euteritste?
1065 3230 1096 3292 si
1108 3249 1191 3305 vers,

273 3313 432 3394 quemodo
466 3314 550 3374 solus
584 3315 741 3375 Romanus
778 3316 918 3396 pontifex
951 3320 1001 3374 est
1031 3332 1192 3374 successor

272 3400 360 3458 unius
383 3397 519 3477 apostoli
540 3398 638 3475 Petri,
665 3401 697 3458 et
719 3400 811 3460 ceteri
835 3415 942 3460 omnes
964 3397 1096 3458 Romani
1117 3409 1192 3477 pon·

272 3481 362 3541 tidcis
383 3489 455 3541 sunt
476 3480 612 3541 subditi?
634 3480 696 3541 Cur
717 3500 778 3541 nou
802 3489 833 3541 et
854 3481 906 3541 elii
924 3481 1058 3561 apostoli
1078 3481 1194 3542 hebent

272 3563 488 3625 successores?
536 3563 617 3625 Num
644 3564 803 3632 neroum)
839 3565 932 3625 ceteri
962 3564 1097 3644 apostoli
1125 3583 1191 3624 sue·

331 3722 386 3727 Μ...
388 3721 545 3727 --ἩἊ
539 3722 693 3729 -.—.-.

329 3789 358 3850 1)
381 3788 411 3840 ln
431 3786 474 3842 ed
493 3789 586 3856 priore
607 3792 681 3842 etin
706 3789 792 3858 orig:
812 3786 855 3844 21
892 3785 925 3852 2)
946 3789 976 3842 In
997 3787 1059 3842 edit.
1083 3788 1190 3856 priore

272 3859 390 3928 diligent
415 3877 447 3910 se
466 3865 588 3928 pescant
626 3851 658 3924 3)
680 3861 708 3912 Io
737 3859 801 3912 edit
828 3861 921 3928 priore
947 3859 1015 3913 hese
1040 3857 1133 3910 addite
1156 3857 1192 3912 le·

272 3938 389 4000 guntur:
415 3929 554 3985 Poenituit
543 3933 798 3984 teommunicesse
818 3947 879 3983 cum
899 3931 964 4000 illo,
993 3937 1022 3983 ut-
1040 3929 1078 3982 D.'
1094 3927 1193 3982 Hiero·

270 4019 371 4088 nymus
391 4004 486 4056 scribit
505 4009 601 4057 eontrs
617 4004 743 4056 eundem.
764 4003 793 4070 4)
813 4002 900 4057 Ibida
912 3973 1035 4056 dicimus
1056 4003 1086 4065 5)
1105 4000 1191 4054 Ibid:

157 4120 158 4123 ,
271 4077 342 4129 ein
360 4089 443 4128 novo.
481 4073 510 4140 6)
531 4075 652 4130 Ibidem.
671 4073 728 4128 Aut
745 4076 865 4129 fuerunt.
