3075 4775
369 554 432 621 252
599 554 689 608 Rssol.
712 554 738 607 ιι.
759 570 845 622 super
861 552 1047 621 Prepesilion.

372 740 439 799 sine
462 740 612 820 gratim),
648 747 762 822 quanto
785 740 990 821 megis'nulle
1012 741 1075 801 elie
1095 760 1195 821 opere
1217 745 1287 801 sunt

371 824 546 893 neutralia,
560 844 613 886 seu
632 827 662 885 in
684 844 798 906 genere
821 844 938 885 murum
951 824 1053 884 'bonu

452 906 572 981 Tertio,
606 910 677 969 Luc.
704 911 756 971 12:
792 908 854 967 Αιιι
878 909 970 968 feeite
991 908 1131 967 arborem
1162 907 1287 976 bonum,

368 996 402 1051 et
421 990 550 1049 frustum
574 994 638 1051 eius
662 992 865 1068 bonum-eut
885 992 976 1051 feeite
998 991 1139 1051 arborem
1162 991 1288 1065 ntalem,

371 1080 402 1133 et
430 1073 558 1134 fructum
581 1078 651 1135 eius'
670 1076 793 1135 mulum.
816 1075 874 1135 Hie
893 1075 968 1134 nihil
991 1074 1124 1134 medium
1147 1074 1288 1133 Christus

371 1158 518 1236 permittit
546 1158 690 1239 intelligi,
724 1160 803 1219 sieut
830 1168 862 1218 et
880 1158 996 1219 ibidem
1017 1157 1105 1217 dieit:
1142 1155 1203 1231 Qui
1224 1175 1288 1216 non

372 1246 419 1301 est
440 1259 569 1317 meeum,
593 1248 701 1303 eontra
721 1262 773 1302 me
794 1250 851 1319 est,
874 1243 978 1321 etqui
999 1261 1063 1301 non
1084 1240 1206 1321 colligit
1226 1260 1288 1299 me-

371 1342 450 1399 eum,
473 1322 630 1405 dispergit.
674 1325 786 1402 Vides,
808 1325 890 1404 quod
913 1333 967 1385 aut
987 1344 1055 1384 eum
1078 1324 1202 1383 Christo
1225 1324 1289 1383 enl-

371 1405 527 1485 ligendum
549 1416 602 1469 eut
623 1408 870 1489 dispergendum,
892 1409 1028 1469 veleum
1048 1426 1087 1467 eo
1110 1408 1160 1467 vel
1178 1413 1290 1467 eontra

372 1508 440 1549 eum
464 1509 533 1550 esse
566 1498 725 1571 oporteat,
758 1499 791 1551 at
812 1501 922 1552 eontra
941 1511 1026 1567 eum,
1060 1509 1124 1550 non
1153 1497 1202 1550 est
1228 1490 1287 1549 nisi

372 1578 542 1652 peecatum,
565 1594 624 1635 nee
645 1574 804 1655 dispergit,
826 1576 886 1637 nisi
907 1576 957 1653 qui
980 1580 1098 1654 peeest

454 1656 715 1735 Quert0,dohan.
741 1662 795 1721 15:
830 1658 954 1736 siquis
985 1660 1017 1716 in
1039 1676 1090 1716 me
1117 1674 1180 1717 non
1203 1674 1289 1715 men·

371 1740 452 1813 serit,
476 1741 610 1801 mittetur
623 1741 705 1801 iores
719 1743 797 1801 sieut
817 1742 935 1821 pulmes
958 1748 989 1801 et
1011 1746 1131 1800 ureseet
1152 1744 1184 1798 et
1201 1738 1286 1798 eolli-

370 1830 444 1901 gent
466 1842 545 1901 eum,
567 1826 650 1883 etin
672 1822 775 1904 ignem
799 1826 928 1902 mittent,
952 1830 985 1883 et
1005 1823 1101 1884 ardet.
1124 1822 1208 1881 Eleee
1221 1840 1287 1881 ure·

371 1906 429 1964 seit
444 1912 474 1964 et
485 1907 572 1984 perit,
595 1908 730 1986 quisquis
753 1914 841 1967 extra
851 1908 1004 1967 Christum
1017 1913 1080 1983 est,
1102 1912 1134 1965 et
1154 1911 1188 1964 tu
1200 1904 1288 1975 dieis,

372 1993 520 2065 nentrum,
544 1990 626 2067 quod
648 2008 707 2050 nee
728 1996 849 2051 arescat
867 2009 968 2069 neque
989 1991 1131 2066 virerent,
1154 1987 1209 2048 sed
1224 2006 1288 2047 me-

369 2069 450 2130 dium
474 2092 507 2131 se
529 2072 694 2151 aliquando
715 2073 820 2133 habet.

451 2152 582 2229 Quinto,
616 2157 725 2217 Rome.
750 2159 802 2219 14:
837 2156 937 2216 Omne
969 2155 1052 2234 qnod
1085 2171 1149 2213 non
1177 2159 1226 2211 est
1238 2150 1288 2211 'ex

370 2234 442 2315 tide,
464 2246 625 2317 peecatum
648 2246 715 2314 est,¹
728 2240 810 2318 quod
832 2240 867 2299 B.
889 2239 1079 2318 Augustinus
1099 2256 1156 2316 pro
1178 2235 1291 2314 regule

370 2318 468 2381 habet.
514 2320 603 2396 Quod
626 2330 726 2382 autem
742 2323 856 2403 dieunt,
879 2322 920 2382 ibi
943 2321 1033 2382 fidem
1055 2319 1287 2401 proconseieu-

370 2404 412 2462 tie
434 2406 548 2484 seeipi,
584 2414 615 2466 et
643 2407 818 2486 apostolum
841 2407 925 2485 loqui
946 2406 986 2468 de
1005 2408 1059 2482 iis,
1095 2404 1146 2483 qni
1178 2409 1291 2463 eontra

370 2489 589 2548 conscientiam
624 2498 804 2569 operentur,
835 2508 1010 2568 quenquam
1044 2489 1105 2548 hoe
1126 2488 1160 2548 B.
1183 2486 1288 2565 Augu-

370 2571 465 2630 stinus
487 2573 618 2651 repellit,
640 2579 742 2633 tamen
757 2593 825 2654 nge,
838 2574 888 2632 ⁴sit
907 2574 960 2634 its.
1004 2572 1114 2632 Adhue
1135 2575 1198 2629 stut
1219 2589 1287 2628 sen-

370 2654 482 2728 tentie,
506 2656 556 2734 qui
580 2673 641 2716 nen
664 2656 758 2717 hebet
779 2655 871 2716 tidem
893 2657 924 2714 in
947 2656 1085 2727 Christo,
1107 2651 1290 2713 nonhabet

297 2766 301 2772 ·
370 2739 592 2798 conscientium
628 2739 740 2799 bouem
777 2759 851 2819 erge
878 2738 984 2802 Deum.
1028 2738 1111 2818 Ergo
1144 2737 1195 2795 vel
1222 2755 1287 2795 non

369 2819 474 2894 eredit,
498 2821 547 2880 vel
569 2821 688 2882 dubitet
709 2843 742 2882 se
764 2824 886 2902 plaeere
907 2822 1027 2881 Dedin
1049 2819 1193 2899 operibus
1214 2820 1288 2877 suis.

370 2900 401 2963 si
425 2902 557 2980 dubitet,
591 2914 700 2985 peceat
733 2913 841 2966 eontra
863 2905 1097 2982 eonseientium,
1129 2903 1203 2981 quie
1223 2921 1288 2962 non

368 2987 464 3046 eredit
485 2985 629 3063 tirmiter,
652 3007 685 3048 se
708 2989 776 3049 Deo
799 2989 931 3069 plaeere.
974 2986 1077 3061 Quure
1105 2987 1179 3066 egit,
1203 2985 1288 3063 quod

369 3069 466 3129 eredit
489 3089 551 3129 nnn
575 3071 704 3148 bonum,
737 3081 768 3132 et
788 3074 833 3131 ite
855 3090 978 3151 semper
999 3077 1118 3150 peeeet.
1140 3069 1216 3129 Solu
1237 3088 1290 3127 au·

369 3157 430 3211 teni
455 3151 531 3212 tides
553 3153 680 3214 firmiter
702 3155 835 3215 confidit
858 3173 892 3214 se
915 3155 1038 3234 plaeere
1058 3154 1143 3228 Deo,
1176 3157 1209 3211 et
1230 3151 1291 3211 hue

368 3231 429 3294 tide
452 3234 494 3312 fit,
519 3243 552 3295 ut
573 3237 749 3315 plueeemus
764 3239 843 3314 Deo,
867 3239 937 3315 quia
960 3238 1038 3296 haee
1057 3234 1135 3295 tides
1157 3254 1232 3295 vere
1251 3235 1290 3294 de

371 3316 437 3378 Deo
462 3318 541 3380 bene
563 3321 664 3398 sentit,
687 3340 724 3380 ee
746 3321 883 3401 prolleo
898 3339 1057 3381 vero-eum
1080 3318 1183 3395 hebet,
1200 3337 1289 3396 prse-

369 3419 491 3460 sumens
513 3403 596 3463 bonu
633 3403 671 3463 de
694 3406 780 3483 ipso,
812 3406 899 3463 iuxtn
919 3403 993 3467 illud
1016 3403 1087 3481 Sep.
1112 3407 1147 3463 t:
1170 3401 1291 3462 Sentite

368 3481 406 3542 de
428 3484 561 3545 Domino
584 3488 614 3545 in
637 3487 784 3548 bonitate·
815 3486 994 3566 Imposibile
1016 3492 1064 3546 est
1087 3485 1169 3544 enim
1191 3485 1290 3546 homi-

369 3586 438 3626 nem
462 3568 578 3628 salvum
603 3589 681 3648 esse,
705 3578 736 3630 et
754 3571 837 3640 ¹bene
859 3572 972 3646 vivere,
994 3571 1053 3629 nisi
1076 3568 1116 3628 de
1128 3569 1197 3628 Deo
1216 3588 1291 3650 erga

369 3652 522 3729 seipsum
546 3653 625 3713 bene
648 3655 769 3714 sentiet.
1137 3648 1139 3659 '

453 3733 560 3811 Sexto,
586 3735 637 3817 [ut
658 3738 798 3797 omittam
819 3737 925 3816 plum,
964 3755 1003 3796 ne
1027 3733 1181 3814 prolixior
1210 3737 1287 3813 sim)

368 3816 489 3877 eddueo
519 3820 686 3895 rationem,
728 3837 790 3898 qua
821 3821 914 3880 utitur
941 3819 1005 3880 lere
1034 3818 1065 3879 S.
1088 3817 1290 3898 Augustinus,

404 4010 484 4131 21¹¹
502 4009 563 4064 edd.
584 4014 665 4080 orig:
687 4014 712 4065 si
725 4029 793 4082 ergo
804 4028 890 4094 opere
907 4013 977 4082 legis
989 4012 1211 4065 suntmsledietu
1231 4016 1291 4066 sine

370 4095 468 4148 greis.
996 4115 1001 4124 ·
1159 4101 1163 4110 ·
