3075 4775
240 533 244 540 ’
347 516 410 583 112
575 516 740 585 Disputatio
750 516 860 585 lipsiae
878 516 971 573 habita
990 532 1015 571 a.
1035 516 1090 571 xlx

348 702 467 787 Tamen
488 700 675 763 solutionem
693 701 796 790 pridie
817 722 873 783 per
895 722 948 765 nne
970 702 1092 781 datan„
1123 702 1281 784 adquam

350 805 399 846 me
419 784 519 863 retuli,
539 784 608 865 ipsa
629 785 759 863 reticuit,
781 803 850 847 cum
873 805 1053 867 expressum
1076 787 1117 847 sit
1128 786 1167 847 de
1188 788 1282 847 litera

349 868 478 930 Paulum
498 866 675 948 improbare
697 870 938 935 contentionem.
982 869 1044 931 Sed
1061 872 1185 947 nescio,
1214 888 1280 949 quo

349 954 475 1035 iugenio
497 950 685 1013 reverendus
705 952 796 1013 Patet
823 953 986 1015 arbitretur
1011 958 1179 1034 propterea
1199 953 1279 1015 Pau-

349 1036 412 1097 lum
435 1054 567 1125 negasse
587 1036 771 1116 primatum,
794 1043 826 1096 ut
850 1037 973 1098 tolleret
994 1037 1139 1100 schisma.
1184 1030 1281 1098 Forte

349 1138 414 1181 non
436 1120 492 1179 tuit
512 1120 543 1179 in
565 1120 739 1198 provincia,
762 1138 842 1199 qnae
870 1122 966 1182 caruit
986 1120 1141 1201 Principe,
1169 1119 1283 1181 inisset

349 1204 432 1264 enirn
456 1202 643 1263 conuarium
664 1210 828 1285 expertus,
851 1211 927 1284 quot
949 1203 1179 1281 dissensiones,
1202 1221 1279 1264 con-

349 1288 503 1366 tentiones
525 1293 557 1347 et
577 1283 705 1346 dissidia
726 1297 897 1367 emergunt,
919 1287 970 1348 ubi
992 1306 1055 1349 non
1073 1295 1121 1349 est
1131 1287 1282 1367 Princeps

350 1378 382 1431 et
396 1376 497 1451 caput,
520 1370 599 1429 inter
611 1366 729 1429 'causas
753 1369 980 1433 diiudicasset
1001 1389 1186 1451 agnoscens.

433 1453 474 1512 Et
502 1451 642 1513 mirabile
663 1452 782 1513 videtur
805 1454 856 1532 ci,
891 1455 917 1513 si
940 1460 1004 1515 tam
1026 1454 1131 1534 paucis
1165 1452 1287 1530 verbis,

350 1536 468 1598 scilicet
500 1536 694 1615 apostolatus
723 1542 754 1595 et
777 1537 933 1618 regiminis
963 1544 1080 1597 tantam
1103 1537 1195 1597 velim
1217 1537 1283 1599 sol-

351 1638 424 1681 vere
437 1620 642 1682 autoritatem.
664 1618 817 1699 Principia
828 1622 859 1679 in
872 1622 1043 1699 quantitate
1052 1627 1127 1681 sunt
1142 1621 1284 1699 minima,
1303 1628 1306 1635 ’

350 1704 382 1765 in
405 1704 516 1762 virtute
549 1703 693 1765 maxima.
737 1702 769 1763 Si
797 1705 984 1765 reverendus
1013 1704 1105 1765 Pater
1133 1702 1187 1763 illa
1218 1703 1282 1764 duo

352 1788 470 1846 minuta
491 1784 662 1864 vocabula,
685 1786 878 1869 anostnlatus
901 1794 932 1847 et
951 1788 1131 1867 regiminis,
1168 1787 1282 1867 capitis

350 1869 528 1950 principalis
550 1876 582 1930 et
602 1870 776 1934 secundarii
798 1868 990 1949 attendisset,
1012 1870 1126 1931 dudum
1139 1889 1284 1949 pugnan-

266 2016 269 2026 ,
352 1962 409 2030 tes,
431 1966 464 2013 ut
485 1953 543 2013 sibi
564 1951 693 2031 videtur,
714 1971 823 2014 sacrae
844 1953 1019 2035 Scripturas
1042 1962 1075 2015 et
1096 1953 1126 2014 S.
1152 1954 1281 2017 Patruus

351 2037 521 2098 sententiaa
543 2028 798 2115 reconciliasset,
829 2036 939 2117 quibus
972 2037 1124 2117 neglectis
1146 2056 1281 2099 necesse

352 2129 399 2180 est
421 2121 545 2180 exotica
566 2127 597 2179 et
619 2119 722 2180 aliena
743 2122 831 2199 sequi
853 2120 1010 2201 dogmata.

674 2334 731 2397 Dis
752 2335 825 2421 iulii
847 2339 969 2402 octava.

623 2505 1006 2570 M.Lutherus

365 2728 368 2733 .
441 2680 490 2743 Ad
501 2678 681 2743 autoritates
703 2697 784 2739 ame
798 2680 957 2758 inductas,
979 2679 1065 2740 Pauli
1088 2675 1281 2740 adcorinth.

355 2772 387 2826 et
407 2765 448 2826 ad
470 2765 614 2841 Galatas,
647 2763 789 2843 egregius
811 2759 849 2824 1)ss
872 2763 907 2824 D.
944 2782 1030 2824 mors
1052 2781 1108 2822 suo
1130 2759 1207 2821 nihil
1233 2779 1280 2820 re-

355 2848 504 2931 spondet,
541 2850 600 2910 nisi
622 2845 705 2925 quod
738 2848 908 2926 ingeminat
940 2843 1283 2907 concilium‘constsn-

355 2937 463 3012 tiense,
486 2937 518 2994 et
537 2932 686 3007 Hussitas,
707 2947 764 3009 per
786 2947 866 3010 quae
888 2949 951 2990 non
974 2931 1134 2996 solvuntur
1149 2927 1177 3003 ¹)
1206 2927 1283 2988 mihi

356 3019 545 3079 autoritates.
567 3015 646 3076 Nam
669 3014 747 3072 sicut
768 3012 841 3094 dixi,
864 3013 1028 3075 concilium
1046 3013 1196 3074 Nicenum
1217 3011 1283 3071 alia

356 3103 462 3161 statuit
483 3101 577 3180 longe
599 3097 747 3159 sacratius
772 3103 802 3157 et
823 3098 984 3158 celebrius.
1030 3098 1100 3159 ldeo
1132 3101 1282 3176 quantum

356 3178 409 3243 ille
429 3185 536 3244 nititur
556 3201 623 3260 sno,
645 3186 762 3241 tanturn
785 3201 845 3262 ego
869 3201 949 3261 meo,
973 3190 1005 3242 et
1021 3181 1100 3262 dico,
1124 3182 1202 3238 sicut
1216 3177 1285 3239 heri

357 3266 430 3346 dixi,
453 3263 675 3348 quantumlibet
696 3263 847 3344 allegetur
875 3265 1040 3326 concilium
1069 3260 1283 3326 nondumne

276 3389 280 3396 -
356 3349 513 3424 beturius
535 3350 688 3427 divinum,
711 3335 750 3408 de
773 3367 834 3427 quo
858 3351 926 3412 solo
950 3352 1177 3430 quaestio,est,
1208 3345 1283 3408 ideo
1340 3357 1344 3362 ’

357 3434 521 3494 concilium
539 3433 616 3497 nihil
637 3430 677 3492 ad
699 3435 902 3514 propositum.

441 3520 605 3597 Secundo,
636 3525 669 3578 ut
690 3517 828 3578 eluderet
861 3522 1040 3583 autoritates
1062 3517 1164 3598 potius
1188 3533 1282 3600 quarn

358 3605 515 3683 solveret,
537 3604 663 3666 advexit
684 3601 753 3663 dist.
777 3603 969 3685 apostolatus
992 3608 1023 3664 et
1045 3601 1285 3662 administratio·

358 3693 415 3770 nis,
437 3708 517 3772 quae
538 3693 609 3770 qnia
631 3687 766 3769 humano
790 3687 914 3748 arbitrio
938 3694 985 3748 est
1007 3693 1144 3766 reperta,
1180 3703 1285 3765 neque

279 3806 283 3814 ¹
359 3782 391 3843 in
414 3780 509 3840 sacris
531 3775 638 3853 literis,
661 3789 762 3864 neque
784 3777 815 3836 in
838 3768 869 3835 S.
891 3770 1030 3834 Patribus
1059 3790 1112 3833 eas
1135 3771 1284 3856 interpre-

396 4088 428 4149 1]
448 4086 480 4138 In
498 4082 542 4139 ad.
559 4080 644 4147 σήμ
664 4076 816 4129 solvantur.
