3075 4775
355 528 417 603 166
552 500 714 600 urspuuuo
732 531 844 601 mpsim
863 533 956 589 nsum
974 547 1000 585 n
1020 530 1083 585 rrr

355 723 464 782 sanata
479 711 624 790 {aomina
650 718 702 780 rel
722 717 892 798 quamlibet
916 719 1017 783 sanast
1047 735 1102 779 eae
1133 713 1277 777 dederint

347 800 409 863 'vel
429 800 677 892 approbaverint.
698 801 773 864 Ideo
795 802 833 865 D.
846 802 885 863 D.
897 820 959 863 non
971 801 1073 863 aoium
1096 804 1206 861 eontra
1226 816 1279 859 me

355 891 428 967 agat
449 884 524 945 solis
545 885 722 947 nominibus
741 886 955 963 autoritatum,
973 883 1034 947 sed
1059 889 1091 945 et
1110 881 1208 961 ipsius
1231 880 1279 943 rei

358 968 495 1029 veritate.
1079 1018 1082 1025 .

440 1049 595 1129 Septimo,
616 1050 789 1129 suspioatrr
808 1069 863 1110 eas
885 1069 955 1111 esse
975 1048 1047 1115 ideo
1076 1048 1151 1111 boni
1171 1052 1281 1127 operis

357 1134 475 1212 vitium,
497 1133 653 1211 quierunt
673 1131 1184 1211 satisiaetoriae.1)iooquodnon
1206 1136 1283 1189 eunt

356 1216 588 1292 satisfaotoriae‚
610 1215 667 1277 sed
686 1217 885 1287 remotiones
895 1216 1123 1292 musfaotiouis,
1143 1230 1203 1275 nee
1224 1212 1279 1274 ira-

356 1299 478 1364 bendee
499 1306 531 1360 ut
552 1318 630 1380 opus
642 1299 889 1364 satisfactorium.
916 1299 992 1363 Ideo
1015 1296 1096 1361 male
1116 1292 1278 1375 hunargu-

356 1389 461 1443 mento
474 1388 690 1462 oomparantur
701 1381 845 1463 operibus
855 1382 1075 1458 uenerationis,
1097 1379 1185 1459 quasi
1206 1378 1281 1441 ideo

358 1468 584 1531 meritanostra
596 1466 779 1543 minuantur,
801 1467 828 1527 ei
838 1465 1048 1546 indulgentiae
1058 1464 1280 1542 relinquantur,

356 1552 420 1613 imo
441 1550 627 1611 eontrarium
641 1549 742 1610 verius
762 1555 821 1626 est,
844 1550 953 1611 merita
964 1554 1125 1629 augentur,
1147 1545 1220 1607 dum
1236 1546 1280 1605 in·

359 1632 536 1713 dulgentiae
555 1631 776 1710 relinquuntur.
872 1629 874 1635 ’

441 1714 582 1792 Ootavo,
614 1714 690 1778 dioit
712 1734 865 1777 consensu
889 1712 1026 1776 fidelium
1047 1714 1206 1793 receptum
1227 1730 1281 1776 en·

359 1818 434 1859 num
453 1796 619 1860 iubileeum
629 1798 779 1859 Bonifaoii
790 1798 867 1875 Vlfl,
890 1797 1057 1867 Clementis
1070 1795 1122 1869 vl,
1132 1794 1211 1857 sixti
1221 1799 1283 1855 eia

282 1954 285 1961 Ι
359 1879 561 1961 Respondeo:
594 1878 669 1955 Quis
699 1882 773 1960 soii,
802 1882 828 1940 si
860 1899 1028 1943 consensus
1049 1868 1187 1939 fidelium
1209 1894 1283 1939 eum

355 1965 519 2045 reeuperit.
549 1962 615 2023 Neo
636 1970 685 2024 est
710 1962 888 2025 Boniiaoius
910 1969 1016 2025 tantae
1038 1962 1214 2043 opinionis,
1237 1966 1284 2036 ut,

361 2047 669 2135 quidquidlgesserit,
692 2048 795 2112 snum
818 2066 874 2127 pro
902 2066 936 2109 re
956 2046 1038 2107 bene
1058 2051 1147 2127 gesta
1166 2042 1283 2105 haben·

247 2130 254 2141 '
361 2130 432 2193 dum
454 2130 503 2207 sit,
524 2130 704 2208 praesertim
725 2130 757 2190 in
781 2148 899 2205 renen
922 2129 1005 2191 bona
1026 2148 1084 2191 neo
1105 2127 1284 2189 neeessaria

361 2212 569 2291 adsalutem,
597 2213 648 2291 qui
676 2212 789 2285 etalia
809 2219 946 2274 monstra
967 2212 1170 2293 perpetravit,
1201 2226 1284 2289 quae

361 2297 393 2372 ip
417 2294 507 2357 rebus
521 2296 703 2358 necessariis
731 2296 847 2357 malum
870 2296 1045 2375 exemplum
1063 2293 1293 2375 praebuerunt.

441 2378 552 2459 Nono,
585 2378 668 2457 quod
696 2378 847 2442 dederunt
867 2379 1001 2442 Romani
1021 2376 1186 2443 Pontifinoa
1208 2395 1283 2438 oon-

362 2482 454 2524 sensu
468 2461 916 2544 ohnsuauissimorum·rsgum
938 2468 969 2524 et
988 2463 1162 2543 prinoipem
1181 2459 1282 2522 indul-

361 2545 482 2627 gentias
503 2563 559 2624 pro
581 2547 737 2625 passagio.
757 2546 836 2608 Dioo
859 2547 1051 2626 manimius,
1073 2564 1136 2606 non
1158 2550 1206 2604 est
1227 2543 1283 2604 mi-

289 2634 296 2707 ᾗ
362 2627 514 2705 raoulum,
543 2627 626 2706 quod
645 2629 731 2690 Deus
752 2629 830 2690 haee
858 2634 1036 2691 contemnat
1063 2635 1095 2690 et
1120 2628 1202 2688 sinat
1228 2627 1287 2712 agi!

361 2719 393 2774 et
412 2730 521 2792 agere,
544 2729 623 2790 quae
641 2712 871 2791 impertinentia
894 2717 964 2774 sunt
985 2710 1197 2787 adsalutem,
1226 2709 1282 2787 qui

359 2797 391 2858 in
405 2795 466 2855 hoe
476 2813 568 2872 super
579 2813 638 2856 nos
650 2795 815 2874 vigilatut
826 2793 939 2857 dooeet
956 2795 1054 2872 utilia,
1069 2792 1282 2872 utApoetnlue

362 2877 402 2940 ad
415 2877 516 2938 Titum
525 2877 554 2939 3.
577 2875 661 2953 droit,
680 2877 743 2938 hoo
763 2883 820 2955 est,
842 2883 1009 2958 praesepta
1029 2883 1128 2938 suaet
1139 2874 1284 2944 oonsilio,

443 2960 589 3035 Decimo,
617 2960 719 3039 arguit
738 2959 832 3020 fidem
861 2961 1011 3028 ecelesiae
1033 2977 1102 3022 esee
1122 2957 1283 3020 indeieoti·

360 3043 454 3106 bilem
476 3049 507 3103 et
529 3041 681 3107 Christum
713 3043 900 3121 nobiseum·
922 3042 994 3106 ideo
1022 3043 1187 3104 eeclesiam
1215 3060 1283 3103 non

362 3127 500 3207 potuisse
520 3144 622 3195 errare
643 3131 730 3186 tanto
750 3133 889 3206 tempore
908 3142 988 3186 ‘oum
1020 3126 1189 3188 animarum
1211 3143 1283 3202 per-

365 3209 456 3270 nioie.
476 3209 576 3285 Diae,
607 3227 672 3271 uon
699 3215 766 3271 tota
793 3210 930 3272 eooleeia·
947 3209 1067 3272 erravit.
1111 3205 1234 3271 Deinde
1255 3208 1283 3268 si

364 3292 455 3352 etiam
484 3296 600 3352 erraret
626 3291 658 3350 in
678 3293 724 3352 ¹iis
744 3292 835 3353 rebus
862 3291 948 3353 nihili
976 3295 1114 3371 (semper
1134 3288 1175 3351 de
1195 3287 1283 3352 chri-

363 3375 471 3435 stianis
493 3374 644 3452 loquor),
666 3395 729 3436 non
751 3381 799 3437 eet
819 3374 986 3455 perieulum
1008 3375 1095 3436 salva
1114 3371 1198 3435 fida·
1218 3372 1282 3432 Va

331 3494 339 3504 ·
362 3459 433 3520 riari
454 3458 617 3537 opiniones
639 3463 671 3518 et
690 3477 793 3521 errare
813 3458 844 3518 in
866 3457 1098 3538 temporalibus,
1116 3475 1179 3518 non
1199 3455 1284 3518 tollit

364 3540 528 3604 ecelesiam
549 3540 671 3625 Christi.
779 3533 785 3546 ’

445 3621 625 3700 Undecimo,
647 3624 780 3684 Demete
795 3623 1004 3687 Romanorum
1025 3621 1207 3686 Pontifieum
1230 3639 1283 3684 ae·

364 3706 517 3791 neptanda
544 3725 613 3766 esse
644 3705 812 3770 oontendit.
828 3706 1048 3787 vRespondeo:
1091 3701 1163 3768 Sine
1185 3703 1284 3766 dubio

364 3797 435 3852 sunt
454 3788 664 3870 aeoeptanda,
691 3788 747 3850 sed
765 3795 869 3852 tamen
891 3809 961 3851 eum
983 3787 1120 3867 iudioio,'
1133 3794 1168 3851 ut
1187 3785 1283 3848 habe·

362 3873 501 3936 tuimet
523 3874 572 3938 22.
594 3890 662 3953 esp.
685 3872 872 3951 Anastasiou
901 3874 975 3953 quia
999 3873 1134 3937 Romani
1154 3869 1281 3932 Pontifi-

363 3975 416 4018 oes
437 3957 579 4033 hominee
600 3955 736 4031 fuerunt,
758 3962 791 4018 et
811 3954 952 4017 homines
975 3957 1087 4018 oiroum
1110 3974 1146 4016 se
1166 3951 1282 4015 habue·

158 4098 159 4133 3
231 4039 239 4055 ⁹
364 4049 449 4123 runt,
476 4059 580 4104 errare
598 4045 772 4120 potuerunt
814 4038 934 4102 Deinde
956 4039 1072 4102 nulium
1099 4046 1147 4128 ast
1166 4037 1282 4100 Deoru-
