3075 4775
571 542 729 612 amau.
747 550 874 613 eram.
912 523 916 529 ’
1117 544 1179 651 ms

260 732 307 813 git,
328 750 390 811 qua
404 730 512 793 scribit
525 731 561 810 i)
588 730 793 809 adflalatasr
816 730 875 806 Qui
891 738 1035 811 operatus
1057 740 1107 795 est
1124 734 1178 795 Pe·

261 822 303 875 tro
328 815 361 875 in
391 814 600 895 apostolatum
626 814 883 892 circumcisionis,
913 822 1058 895 operatus
1080 823 1179 879 estet

261 897 329 967 uiti
348 898 429 971 inter
448 904 575 978 gentes,
595 904 635 962 ‘et
655 898 756 967 infraz·
777 896 935 967 Dederunt
952 899 1030 961 mihi
1053 900 1177 964 dextras

260 987 289 1041 et
306 980 655 1061 Barnabacsocietatis,
677 987 711 1041 ut
731 1000 790 1041 nos
811 982 976 1063 ingentes,
996 984 1054 1063 ipsi
1074 990 1178 1055 autern

258 1065 287 1132 iu
313 1064 596 1142 circumcisionem,
628 1070 746 1127 tantum
775 1068 808 1123 ut
829 1083 1000 1145 pauperum
1023 1084 1176 1136 memores

258 1147 357 1220 simus.
400 1146 470 1221 Qua
489 1149 675 1225 autoritate,
701 1148 728 1221 si
749 1146 861 1219 vellem
884 1148 957 1227 niti,
985 1168 1049 1211 non
1071 1157 1178 1229 posset
1223 1212 1227 1218 x

258 1230 292 1291 l).
311 1230 348 1292 D.
370 1249 500 1310 cogere,
522 1235 576 1290 aut
596 1230 676 1291 ullus
698 1230 869 1309 hominum,
892 1232 1100 1311 apostolatum
1123 1232 1177 1305 Pc-

259 1310 293 1373 tri
312 1312 455 1386 letiorem
475 1332 562 1392 esse,
584 1331 677 1392 quam
697 1314 730 1373 in
751 1312 899 1392 iudaeos,
921 1315 993 1375 iure
1009 1314 1125 1391 divino,
1148 1322 1180 1375 ‘ct

256 1414 308 1475 per
318 1394 381 1457 lico
393 1415 501 1457 omnes
521 1397 712 1473 autoritates,
728 1394 837 1475 quibus
850 1397 973 1463 nititur:
990 1398 1088 1463 Pasce
1101 1416 1178 1459 oves

256 1498 338 1541 meae
359 1485 419 1545 etc
441 1485 491 1539 et:
513 1478 560 1539 Tu
581 1498 615 1540 es
636 1480 745 1543 Petrus
767 1485 826 1541 etc.
848 1480 1024 1543 referendos
1047 1499 1118 1545 esse
1136 1480 1186 1543 ad

236 1563 399 1648 ⁸terminos
426 1563 474 1622 eui
502 1562 714 1643 apostolatus,
751 1562 1011 1641 qumedmodum
1039 1563 1177 1626 Christus

256 1645 335 1713 clare
355 1644 469 1707 lohan.
493 1648 540 1711 10.
570 1664 646 1707 oves
674 1646 812 1726 gentium
844 1648 979 1707 secernit
1006 1647 1046 1709 ab
1067 1647 1177 1715 ovibus

256 1728 359 1806 lsrael,
387 1728 508 1788 dicens:
534 1727 644 1789 Habeo
666 1728 767 1794 adhuc
788 1728 865 1790 elios
889 1748 986 1809 oves,
1012 1749 1093 1811 queo
1113 1750 1175 1794 nou

254 1818 322 1884 sunl
344 1830 385 1878 ex
406 1812 468 1878 hoc
488 1810 574 1873 ouili.
1262 1852 1266 1867 r

228 1930 259 1965 -,
330 1894 373 1955 Et
394 1895 426 1955 in
447 1892 519 1972 fine,
540 1892 624 1972 quod
645 1899 677 1954 et
696 1893 734 1953 D.
759 1894 797 1955 D.
819 1894 885 1955 heri
907 1895 1022 1977 tetigit,
1045 1895 1176 1976 Apoccl.

252 1980 298 2041 21.
320 1976 504 2040 describitur
524 1976 716 2041 Hierusclem
729 1994 813 2039 nova
834 1994 904 2039 cum
926 1977 1088 2041 duodecim
1111 1978 1177 2039 fun-

251 2060 417 2138 damentis,
439 2066 562 2139 praeter
581 2059 659 2120 illud
680 2059 913 2132 fundamentum
936 2062 1068 2141 capitale
1092 2062 1175 2125 Obri-

250 2152 330 2221 stus,
357 2150 390 2206 et
416 2150 521 2205 tamen
547 2142 591 2206 ibi
617 2142 694 2204 nihii
730 2141 925 2227 dffcecnm
947 2146 1074 2225 ponitur
1094 2146 1175 2215 inies
1266 2132 1276 2146 '¹
1380 2114 1381 2121 ἵ

180 2278 187 2303 ,
251 2226 451 2290 nodamenta
463 2225 638 2305 duodecim,
659 2225 744 2304 quod
765 2228 892 2289 omnino
905 2226 1080 2292 fmicudun
1101 2236 1176 2306 crat,
1217 2286 1222 2295 ,

250 2312 419 2377 utentum
447 2317 517 2373 crat
543 2308 583 2373 de
611 2309 743 2390 primatu
764 2310 846 2379 Petri
876 2310 1080 2377 sentiendum.
1124 2310 1173 2379 Ac

248 2393 308 2456 hoc
328 2393 413 2455 idem
441 2393 547 2453 valent
567 2393 718 2472 plurimae
738 2391 857 2474 figurae
877 2395 909 2454 in
933 2393 1111 2476 Scriptnris,
1144 2403 1177 2456 ut

247 2477 414 2547 duodecim
433 2474 542 2552 bones,
564 2479 593 2540 3.
614 2476 691 2556 Reg.
699 2477 740 2555 4,
763 2478 854 2546 mar-is
876 2479 976 2556 aecci,
998 2479 1073 2541 item
1095 2477 1172 2538 duc-

248 2560 347 2625 dscim
369 2559 506 2628 leunculi
527 2559 630 2623 throni
650 2558 842 2639 Salomonis,
864 2559 1030 2627 duodecim
1051 2560 1172 2641 lapidee

247 2643 417 2721 iordanis,
450 2648 482 2704 et
510 2642 642 2718 similis,
675 2643 845 2720 inquibus
875 2643 1017 2708 omnihus
1047 2661 1174 2724 prorsus

249 2725 431 2794 omnimoda
447 2725 618 2804 aequalitas
639 2727 776 2788 omnium
796 2726 1009 2806 apostolorum
1021 2726 1175 2806 descripte

249 2819 305 2889 est,
327 2828 389 2877 nec
409 2814 515 2889 potest
534 2809 596 2871 ullo
618 2808 823 2890 inaequalitas
844 2811 876 2872 in
900 2811 1085 2872 contrarium
1106 2827 1176 2888 pro-

249 2891 315 2957 hui
337 2894 407 2967 iure
425 2891 541 2962 divino.
813 2924 815 2928 ¹

308 2975 399 3039 llaec
417 2977 480 3036 sint
499 2974 583 3043 dicto
604 2993 661 3055 pro
682 2974 743 3037 isla
763 2975 974 3053 conducione,
999 2993 1091 3055 quam
1114 2991 1174 3054 ego
1207 3006 1218 3016 -

250 3075 349 3138 usquc
369 3058 464 3121 hodie
485 3059 677 3129 verissimam
699 3057 804 3137 credo,
827 3060 890 3120 imo
914 3064 998 3120 certe
1017 3058 1093 3136 scio,
1117 3075 1176 3118 nco

250 3159 351 3222 spero,
376 3160 470 3222 posse
492 3161 562 3202 eam
583 3159 717 3220 unquam
738 3141 883 3204 convelli.
906 3141 1010 3216 Quare
1036 3159 1114 3222 rogo
1137 3139 1175 3202 D.

250 3223 286 3286 Ι),
307 3226 479 3306 egregium,
502 3243 627 3304 exiquo
648 3223 763 3285 nollem
787 3224 888 3294 adhuc
908 3225 1012 3306 posuit
1032 3224 1178 3286 autorita-

251 3313 310 3368 tem
333 3307 432 3370 drvrnr
454 3310 531 3368 ruris
552 3325 609 3388 pro
631 3326 688 3368 sua
707 3309 871 3387 sententia,
894 3308 1004 3374 saltem
1026 3306 1177 3371 dissoluat

251 3389 371 3470 aliquas
393 3391 477 3457 clare
506 3397 539 3454 et
558 3393 627 3454 sine
647 3390 852 3470 diverticulis,
892 3391 1008 3470 alioqui
1040 3409 1104 3452 non
1123 3391 1175 3452 ha·

249 3471 327 3537 bebo
360 3493 432 3536 eum
465 3494 522 3555 pro
548 3482 635 3538 recte
662 3476 814 3537 sentiente
842 3473 881 3536 de
903 3473 1067 3554 scripturis
1089 3474 1177 3538 theo·

248 3554 332 3636 logo,
356 3567 389 3619 et
403 3559 641 3639 relinquo„imo
663 3559 762 3620 refero
784 3558 824 3621 ad
845 3557 991 3623 iudicium
1013 3577 1076 3620 non
1097 3559 1175 3620 inri-

249 3635 322 3702 diac
350 3660 453 3721 neque
476 3642 576 3722 vulgi,
612 3641 672 3705 aed.
694 3640 935 3704 ordinandorum
957 3641 1112 3722 iudicum,
1145 3647 1177 3702 ct

249 3723 414 3790 concluse
472 3725 632 3808 prudentis
681 3726 808 3790 lectoris
856 3723 1040 3806 candidique
1091 3722 1175 3789 eudi-

249 3809 336 3868 toris.

256 3981 671 4023 Q„-
