3075 4775
510 544 581 598 xill.
599 544 635 598 os
650 541 790 613 potenteis
808 540 909 612 Pspes.
1118 532 1182 607 3'45

262 726 451 805 delusores,
473 731 500 791 si
519 730 598 791 lisso
617 731 780 808 persuasio
803 744 909 790 sorum
939 744 996 795 nos
1018 728 1135 809 oeperit
1155 736 1187 790 et

263 811 420 888 everterit,
444 830 507 875 uon
530 814 624 873 lisere
646 812 765 875 soilioet
787 830 892 874 eorum
915 812 998 871 dioto
1017 824 1088 871 oum
1110 810 1185 872 iudi-

262 895 311 953 oio
340 894 461 973 legere,
496 904 529 956 ot
557 897 603 957 eis
631 895 707 955 solis
738 894 988 976 interpretandae
1008 894 1185 975 Soripturse

262 977 328 1036 iuro
350 994 504 1039 oonoem
525 997 603 1043 esse.
636 978 723 1039 Tune
744 980 826 1039 enim
847 977 1069 1058 (utAugustini
1091 977 1186 1039 verbo

263 1059 390 1203 oterssg
414 1080 489 1124 vere
509 1063 577 1123 sine
597 1062 735 1142 perieulo
757 1064 905 1142 primatus
926 1061 1016 1121 huius
1035 1062 1067 1121 in
1089 1060 1187 1121 eoole

262 1146 309 1202 αὶ
330 1144 363 1201 lu
386 1145 456 1221 itur,
478 1145 534 1205 sed
556 1146 675 1222 mirum,
695 1146 721 1204 si
744 1165 807 1206 nou
831 1144 898 1205 Deo
921 1151 952 1204 et
974 1144 1064 1205 nobis
1080 1143 1185 1204 illudi·

262 1233 318 1288 ιω.
364 1211 463 1306 Abiit,
486 1229 568 1290 obsit
587 1230 648 1289 ists
669 1228 737 1308 plus
759 1246 851 1307 quom
874 1227 1067 1307 Bsbylonios
1089 1227 1185 1307 septi·

262 1311 353 1371 vitos.

376 1426 519 1507 Sequitur
540 1449 622 1490 nuno
644 1430 858 1511 oppositorum
882 1426 1060 1492 dissolutio:
1119 1407 1123 1417 ⁵

299 1581 304 1599 ·
348 1545 455 1624 Aiunt,
477 1565 570 1608 omno
592 1546 803 1609 iusiurandum
829 1566 849 1607 s
869 1548 1003 1609 Domino
1031 1545 1062 1605 in
1095 1564 1185 1605 essu»

262 1629 349 1709 gelio
370 1647 443 1690 esse
463 1630 661 1709 prohibitum,
682 1650 742 1693 uso
762 1630 802 1691 eb
824 1629 976 1710 apostolis
995 1634 1068 1708 post
1082 1628 1185 1688 Domi·

262 1732 351 1786 uum,
375 1731 435 1773 ueo
454 1714 486 1773 in
508 1712 648 1775 oonoiliis
670 1714 800 1775 investiri
822 1731 915 1793 posse
938 1720 1093 1775 sutorum.

347 1794 405 1859 His
422 1796 532 1857 letibus
549 1796 807 1876 insuperabilibus
820 1803 993 1876 prostratus
1007 1794 1081 1874 quid
1094 1794 1186 1872 diost,

264 1877 438 1942 sudiumus.
479 1878 562 1954 Quid
584 1886 632 1939 ost
663 1898 755 1961 ergo,
789 1878 872 1959 quod
895 1880 1046 1941 Dominus
1081 1877 1186 1938 subse

264 1967 397 2041 queuter
424 1960 532 2044 sit*):
575 1962 666 2037 Quod
697 1962 830 2042 emplius
861 1969 926 2037 est,
958 1980 978 2021 s
1008 1960 1090 2021 mulo
1121 1959 1187 2021 esti

265 2045 327 2106 boo
349 2045 433 2105 enim
455 2044 602 2126 emplius,
634 2052 669 2107 ut
688 2047 849 2127 exigemus
870 2045 1007 2121 mulum,
1040 2062 1099 2105 nos
1131 2043 1186 2105 illo

264 2128 464 2208 permittento
485 2127 655 2209 compellit,
699 2128 791 2204 Quod
821 2128 957 2191 Christus
985 2126 1129 2208 probibet
1157 2132 1188 2187 et

264 2218 376 2293 negut,
411 2211 463 2273 hio
497 2210 630 2276 sffiumst
661 2219 693 2273 et
724 2213 883 2293 praecipit.
932 2210 1072 2295 Christus
1098 2210 1186 2271 dioit:

264 2294 359 2370 orso
383 2294 514 2375 emplius
535 2301 593 2373 est,
613 2315 635 2355 o
655 2296 736 2358 mslo
758 2302 821 2373 est,
850 2295 968 2372 idest,
1000 2313 1063 2356 non
1096 2292 1189 2355 debet

263 2378 342 2440 fieri.
385 2377 534 2458 loquitur
555 2379 637 2440 enim
660 2378 699 2441 de
721 2381 875 2460 pronitsis
895 2377 1025 2456 iursndi,
1048 2378 1115 2440 sine
1136 2397 1187 2438 us·

265 2464 414 2523 cessitate
435 2463 552 2541 fratris,
575 2462 636 2523 hoo
657 2470 721 2541 est,
744 2463 783 2523 de
806 2461 932 2524 libidine
954 2461 1086 2539 iurandi,
1108 2463 1189 2524 siout

265 2546 425 2606 mulierem
449 2546 667 2626 ronoupisoere
678 2544 860 2690 ,imbibmt’
895 2545 946 2624 qui
974 2551 1078 2605 tumen
1105 2542 1187 2604 debi-

266 2638 331 2689 tum
356 2628 539 2708 coniugibus
560 2627 676 2690 redden
699 2648 751 2690 um
773 2648 835 2689 non
858 2627 1023 2708 prohibuit.
1055 2627 1102 2688 Its
1123 2625 1187 2687 libi·

265 2713 368 2772 dinem
391 2711 520 2788 iuruntii,
542 2731 606 2772 non
627 2713 830 2773 iuramentum
854 2711 989 2772 debitum
1022 2709 1187 2790 prohibuit.

264 2795 324 2857 Hie
346 2793 428 2873 dicit,
448 2793 509 2854 hoo
531 2795 662 2876 emplius
684 2796 768 2876 eogit
790 2814 865 2874 nos,
897 2793 928 2853 id
951 2801 1013 2872 est,
1036 2789 1101 2854 fieri
1124 2806 1196 2854 om·

266 2879 340 2938 nino
364 2883 496 2957 oportet.
528 2877 589 2938 Sed
603 2877 763 2939 audiemus
785 2878 846 2939 hoo
868 2876 992 2955 melum,
1016 2875 1098 2956 quod
1124 2875 1187 2936 nul-

266 2961 314 3021 lus
337 2961 369 3021 iu
392 2960 494 3021 verbis
516 2959 670 3043 evangelii
694 2961 841 3043 cogitavit
864 2979 1007 3040 unquam.

350 3041 462 3103 Nonne
484 3044 595 3103 melum
619 3051 676 3121 est,
697 3045 810 3123 inquit,
834 3043 872 3106 ab
896 3043 1048 3106 ecelesiae
1070 3042 1187 3102 unitate

266 3133 298 3188 et
320 3145 339 3186 o
361 3125 443 3186 sedis
466 3127 658 3208 spostoliose
680 3126 858 3189 obedientis
879 3125 1005 3204 resilire,
1028 3131 1059 3185 et
1082 3131 1189 3185 eontra

266 3228 421 3270 cononum
443 3215 556 3270 statute
576 3229 786 3292 prorumpere,
810 3211 892 3289 quod
908 3210 993 3270 multi
1008 3209 1099 3270 etiem
1118 3210 1189 3288 post

266 3293 448 3376 praestitum
472 3301 695 3354 sacramentum
719 3291 1010 3376 praesumpserunt?
1053 3291 1121 3372 Ego
1137 3311 1188 3372 pu·

266 3375 381 3451 tabem,
407 3374 489 3454 quod
513 3375 573 3436 hoe
595 3377 707 3436 malum
732 3383 816 3438 esset
837 3379 1105 3458 interpretaturus,
1126 3393 1188 3436 nou

267 3459 397 3540 diligere
432 3457 601 3538 Christum,
636 3479 699 3521 nou
729 3479 857 3542 pascere
891 3479 980 3539 oves,
1013 3465 1044 3522 et
1082 3455 1188 3520 horum

267 3540 475 3604 sollieitudine
497 3542 640 3623 exemplo
664 3542 776 3604 Christi
798 3544 932 3623 torqueri
961 3541 1001 3602 ad
1029 3539 1190 3605 iuramenti

267 3626 473 3686 erectionem.
521 3627 647 3703 Verum,
668 3625 747 3687 huso
768 3626 906 3687 Christus
937 3645 957 3686 s
977 3625 1068 3688 Petro
1091 3623 1188 3706 requi·

267 3717 330 3786 rut,
352 3708 446 3769 hodie
468 3706 652 3788 curandum,
675 3729 714 3770 ne
735 3709 774 3770 sb
798 3709 976 3770 obedientie
1005 3709 1087 3771 sedis
1116 3726 1189 3788 epo·

268 3793 400 3854 stoliose
422 3792 560 3852 resiliant
581 3794 729 3874 episcopi.

479 3949 689 3957 ¹.—-....---·..·.---=·

321 3999 350 4063 ¹)
369 4000 401 4051 ln
419 3997 485 4052 edit
506 3999 615 4064 priore:
638 3999 749 4050 abutor.

320 4072 349 4137 ⁸)
371 4069 466 4126 lietth.
486 4071 511 4125 5.
