3075 4775
378 538 444 608 276
629 542 721 597 Resoi.
743 544 770 595 t.
791 558 877 613 super
895 544 1079 612 Propositiou.

432 730 552 813 ¹Multa
583 738 655 792 suut
686 736 718 791 ot
743 729 806 792 alia
836 732 868 792 iu
898 732 966 815 iuro¹
987 738 1020 791 et
1051 750 1107 791 usu
1129 729 1292 807 eustosius,

374 834 528 894 quaouon
548 816 648 895 sapio,
671 815 828 893 quomodo
837 813 905 875 fleri
925 820 1107 895 potueruut3
1131 814 1224 893 quale
1246 821 1292 873 ost

371 900 573 969 iuramentum
600 899 827 978 episcoporum,
849 902 932 977 quod
949 916 1006 978 pro
1020 897 1121 978 palliis
1134 903 1292 977 praestare

373 989 544 1061 coguntur,
588 989 619 1040 et
650 982 680 1039 in
721 998 837 1041 meram
869 982 1046 1042 servitutem
1080 981 1293 1059 iniquissimae

373 1064 492 1125 Romae
513 1064 684 1144 capiuntur,
708 1064 808 1142 quatis
829 1070 878 1125 est
898 1064 1013 1125 mensis
1033 1063 1155 1144 papatis
1176 1070 1210 1124 st
1225 1081 1292 1143 gra·

373 1148 435 1207 tiae
458 1148 709 1227 exspectativae,
742 1146 850 1225 quates
871 1148 1062 1207 terrationes
1083 1164 1229 1222 nauum,
1262 1153 1293 1215 st

370 1228 490 1289 infinita
511 1230 558 1290 his
581 1229 702 1290 similia.
738 1226 835 1311 ⁸Quas
849 1229 1070 1311 fiuntquidsm,
1092 1228 1147 1290 ssd
1169 1236 1291 1290 ooutra-

370 1312 416 1373 ria
436 1312 499 1373 fleri
522 1311 721 1388 detersum).

690 1428 905 1491 Gonolusio
927 1429 980 1492 vl.

395 1549 487 1611 Forte
533 1547 725 1611 satisfaciunt
761 1549 883 1608 animae
924 1550 954 1607 iu
993 1546 1172 1626 purgatorio
1213 1564 1271 1624 pro

392 1632 537 1711 peooatis,
550 1630 604 1691 sed
622 1629 704 1709 quod
717 1629 803 1690 Deua
823 1650 844 1691 a
855 1632 1003 1692 morituro
1019 1627 1089 1709 plus
1105 1647 1196 1707 quam
1219 1646 1273 1687 uo-

393 1714 554 1774 luntariam
579 1719 706 1774 mortem
725 1715 852 1793 requirit
860 1711 898 1795 ²),
921 1712 1272 1784 vanissimatomeritato

393 1798 546 1872 asseritur,
570 1796 643 1877 quia
666 1795 757 1857 nullis
779 1796 879 1857 modis
899 1803 1004 1876 potest
1023 1793 1156 1875 probari.

453 1880 495 1943 Et
515 1880 594 1941 hano
621 1898 713 1941 nemo
744 1879 845 1939 adhue
874 1881 989 1961 tetigit,
1019 1884 1051 1939 st
1071 1875 1196 1939 abunde
1217 1877 1293 1937 ostis

372 1963 411 2024 ds
433 1964 479 2023 his
502 1964 593 2025 rebus
615 1962 687 2023 alibi
701 1963 819 2043 scripsi.
862 1962 929 2023 Neo
944 1961 1073 2023 multum
1085 1965 1190 2038 nocet,
1210 1958 1293 2039 quod

372 2046 507 2107 Eooiana
536 2044 707 2125 propositio
738 2063 899 2107 erroneum
920 2045 1011 2121 dioit,
1041 2041 1189 2123 quidquid
1216 2042 1293 2103 hasa

331 2178 336 2205 ,
374 2148 444 2191 maa
467 2129 639 2209 propositio
660 2129 776 2204 statuit,
798 2129 870 2207 quia
892 2128 978 2189 multi
999 2126 1096 2187 multa
1117 2125 1293 2207 loquuntur.

372 2211 418 2272 Ns
441 2230 516 2293 ergo
540 2210 648 2271 sudem
670 2219 819 2291 repetam,
842 2211 915 2271 iliuo
934 2211 1059 2273 remitto
1083 2207 1134 2270 ubi
1156 2208 1231 2270 dixi.

685 2328 903 2390 Conclusio
925 2326 989 2394 vu.

397 2446 505 2525 Neque
527 2447 599 2526 quid
619 2445 714 2521 fides,
747 2437 942 2526 usqus‘quid
971 2444 1133 2522 oontritio,
1172 2462 1275 2523 nequo

370 2535 374 2548 '
396 2528 468 2609 quid
489 2529 617 2591 liberum
639 2529 794 2591 arbitrium
817 2532 870 2606 sit,
900 2528 1035 2590 ostendit
1045 2545 1079 2588 se
1096 2544 1201 2605 nosse,
1222 2527 1275 2605 qui

395 2611 521 2674 liberum
550 2613 705 2676 arbitrium
727 2619 990 2686 aotuumsuorum,
1018 2610 1084 2671 sive
1105 2609 1274 2688 bonorum,

396 2697 461 2759 sive
483 2696 653 2775 malorum,
685 2694 842 2757 dominum
866 2714 944 2773 esse,
966 2693 1113 2770 balbutit,
1136 2699 1273 2753 autnon

394 2777 462 2839 sola
484 2775 544 2838 fide
558 2777 640 2840 verbi
659 2798 748 2858 quem
769 2778 936 2856 iustifioari,
957 2785 1011 2839 aut
1025 2775 1117 2838 tidem
1131 2794 1195 2837 nou
1207 2775 1274 2836 tolli

399 2861 538 2943 quolibet
558 2863 685 2922 orimiuo
706 2863 849 2923 somniat
1174 2894 1185 2900 α

523 2978 598 3044 'lius
622 2997 741 3041 errores
762 2979 915 3040 Eooibuos
937 2975 987 3036 bio
1008 2977 1137 3057 signavi.

456 3060 587 3139 Primus,
624 3061 706 3141 quod
730 3062 859 3124 liberum
888 3060 1044 3121 arbitrium
1076 3059 1117 3119 sit
1150 3057 1294 3120 dominus

374 3151 495 3205 actuum
519 3164 652 3222 suorum,
677 3145 759 3225 quod
782 3165 844 3206 una
864 3143 959 3205 solius
979 3141 1123 3223 Apostoli
1145 3143 1295 3203 autoritas
1348 3141 1355 3148 ’

375 3229 449 3289 satis
470 3228 626 3308 confutat,
658 3229 765 3290 Roma.
788 3232 822 3293 6:
856 3227 967 3288 Fuistis
1001 3227 1081 3286 servi
1102 3227 1239 3306 pooouti,
1261 3225 1293 3285 li-

377 3309 483 3386 bori³)
509 3320 611 3373 autem
635 3331 654 3371 a
674 3318 820 3391 peooato,
853 3311 934 3371 servi
960 3309 1034 3370 iuoti
1056 3309 1129 3370 estis
1150 3309 1294 3370 iustitiae.

375 3391 420 3453 ltu
443 3395 474 3453 in
497 3412 679 3474 quoeunque
710 3397 790 3456 vitae
813 3400 894 3455 statu
915 3412 1038 3473 sumus,
1073 3393 1155 3453 servi
1178 3411 1294 3470 sumus,

375 3495 429 3536 ssu
461 3479 744 3558 concupiscentias,
783 3497 837 3538 sou
858 3477 1003 3537 paritatis.
1046 3475 1182 3553 Utraque
1215 3477 1296 3536 anim

374 3558 582 3620 dominabitur
604 3561 700 3622 libero
724 3560 859 3622 arbitrio.
903 3558 957 3620 flio
975 3559 1113 3620 Christus
1134 3557 1294 3623 rossus:

266 3695 275 3713 ,
376 3640 433 3716 Qui
456 3641 531 3703 iaoit
554 3651 723 3723 peceatum,
745 3663 853 3705 servus
876 3650 924 3703 ost
943 3643 1073 3722 psooati.
1116 3641 1161 3701 Ita
1188 3647 1220 3702 et
1242 3641 1294 3702 Pe-

374 3731 455 3804 trus,
491 3728 518 3787 2.
543 3726 623 3788 Pstr.
645 3730 679 3791 2¹:
704 3729 728 3787 A
753 3746 814 3810 quo
836 3728 917 3788 anim
952 3727 1018 3805 quis
1042 3731 1202 3805 superatus
1235 3729 1294 3804 ast,

375 3807 465 3880 buius
489 3815 520 3869 et
541 3815 646 3870 servus
667 3815 724 3870 est.

373 3979 442 4104 rbi)
463 3977 579 4102 tIinodd.
598 3981 684 4047 origu
704 3978 812 4034 debent
849 3979 882 4044 2)
903 3979 988 4033 ibid:
1010 3981 1144 4049 requirat.
1174 3980 1206 4048 3)
1229 3979 1298 4033 Ibid.

383 4066 463 4105 sera
485 4082 515 4101 .‹
1091 4091 1095 4096 ,
1194 4082 1198 4092 ,
