3075 4775
557 524 629 579 Xlll.
648 524 683 579 de
701 530 838 593 potestate
856 524 958 593 Papae.
1144 523 1206 588 353

284 732 375 792 quam
400 714 446 773 sic
468 713 621 787 volumus,
641 721 747 773 nostro
766 711 860 773 verbo
880 712 962 772 credi
979 712 1025 772 fas
1042 720 1098 789 est,
1114 713 1205 773 etiam

288 796 354 875 plus
378 814 469 874 quam
492 815 640 875 expresso
665 798 761 857 textui
786 795 949 856 verborum
972 794 1039 856 Dei.

371 913 520 989 Primum,
544 912 594 972 hic
617 913 716 973 scriba
744 913 880 983 laborat,
912 912 962 971 ubi
985 932 1047 973 non
1073 922 1205 992 urgetur,

285 1003 316 1054 et
336 995 424 1075 fugit,
447 997 569 1055 nemine
590 1003 806 1075 persequente,
830 995 947 1055 scilicet
971 998 1051 1055 mala
1074 994 1134 1055 fide
1176 1006 1207 1056 et

284 1079 476 1138 conscientia
498 1086 635 1140 vexatus.
682 1080 790 1139 Petrus
812 1078 901 1156 dicit,
931 1079 1007 1158 Regi
1037 1078 1124 1137 subdi
1155 1079 1205 1138 de·

284 1162 357 1221 bere
380 1169 525 1240 tanquam
547 1163 757 1241 praecellenti,
780 1161 888 1238 idest,
911 1163 962 1240 qui
984 1163 1024 1221 sit
1046 1162 1205 1239 primarius

284 1251 316 1305 et
338 1244 407 1324 plus
430 1263 519 1323 quam
542 1244 637 1305 duces
665 1245 703 1305 ab
733 1266 771 1305 eo
802 1246 894 1305 misai.
936 1244 978 1304 At
1010 1244 1206 1305 decretalista

284 1326 448 1403 vocabulo,
473 1329 680 1407 praecellenti,
694 1329 775 1389 male
794 1336 902 1405 tactus,
926 1330 1046 1403 timens,
1069 1346 1205 1407 ueprae-

283 1411 458 1470 cellentiam
482 1418 572 1470 sonet
593 1413 786 1491 imperatoris
807 1429 900 1490 super
918 1409 1090 1489 pontifices,
1113 1412 1204 1469 anxie

282 1495 426 1571 occurrit,
449 1501 480 1552 et
502 1494 540 1554 de
564 1494 783 1572 praecellentia
800 1496 880 1574 regis
898 1501 929 1553 et
945 1492 1098 1573 pontificis
1111 1493 1206 1573 longe

283 1582 372 1636 extra
393 1579 577 1636 senteutiam
595 1578 674 1637 Petri
698 1578 843 1657 disputat,
868 1596 930 1636 non
954 1576 1117 1635 advertens
1139 1595 1204 1635 ver-

283 1660 356 1720 bum
381 1660 477 1737 Petri,
511 1661 561 1738 qui
593 1680 654 1719 non
685 1661 779 1720 modo
808 1662 871 1740 regi
896 1660 1110 1739 praecellenti,
1148 1657 1204 1718 sed

282 1745 377 1803 etiarn
400 1742 528 1803 ducibus
552 1743 590 1803 ab
620 1763 658 1802 eo
688 1744 787 1803 missis
810 1743 1025 1822 obtemperare
1047 1744 1206 1822 praecipit,

282 1828 346 1885 imo
375 1827 457 1885 omni
490 1834 646 1886 creaturae
671 1826 840 1903 humanae,
864 1825 1032 1903 dequibus
1060 1824 1134 1884 nihil
1158 1831 1207 1884 est

282 1908 434 1969 sollicitus
463 1909 673 1986 decretalista,
709 1910 780 1987 quia
810 1908 933 1969 verbum
968 1908 1206 1987 praecellentiae

283 1993 317 2051 in
339 1990 468 2052 ducibus
497 2000 528 2050 et
558 2000 697 2051 creatura
720 1992 855 2053 humana
876 2010 937 2051 uon
962 1992 1065 2051 sonuit
1088 1988 1208 2051 terribi-

282 2075 353 2134 liter
373 2076 404 2134 in
426 2075 549 2134 auribus
573 2075 645 2135 eius.
670 2075 825 2151 Breviter,
855 2094 894 2135 ne
916 2073 1081 2133 dictionem
1114 2092 1206 2133 uuam

284 2158 409 2235 quidem
432 2158 461 2215 in
477 2157 556 2217 Petri
579 2157 638 2217 hac
660 2160 825 2218 autoritate
847 2157 1047 2237 intelligitis,
1070 2157 1207 2236 quisquis

282 2246 340 2312 eet,
361 2240 578 2320 scriptorculus
595 2241 762 2320 Romanus,
786 2249 816 2301 et
838 2240 997 2301 contendit
1019 2247 1120 2301 tamen
1144 2257 1206 2301 om-

284 2343 341 2383 nes
365 2343 443 2384 oves
465 2323 576 2384 Christi
599 2324 721 2385 docere.

501 2542 560 2602 Sed
584 2562 748 2621 sequamur
771 2543 835 2603 eius
861 2543 984 2602 l'umum.

372 2707 461 2784 Dico,
483 2708 651 2788 imperator
671 2709 702 2766 in
724 2708 943 2788 temporalibus
967 2707 1108 2768 omnibus
1122 2728 1209 2787 prae·

293 2790 388 2865 cellit,
410 2791 502 2850 etiam
525 2792 629 2866 sacris,
653 2789 745 2870 idque
767 2792 832 2850 iure
850 2790 965 2866 divino,
989 2799 1021 2850 ut
1037 2790 1113 2850 haec
1126 2790 1208 2850 Petri

288 2871 382 2932 verba
405 2879 534 2954 cogunt,
565 2880 684 2950 tamen,
707 2875 779 2953 quia.
801 2875 830 2933 in
855 2873 979 2933 arbitrio
1003 2874 1067 2934 eius
1092 2880 1154 2950 est,
1177 2878 1209 2933 et

288 2962 359 3014 sunt
381 2964 540 3016 creaturae
553 2956 716 3032 humanae,
740 2963 843 3037 potest
860 2957 939 3016 hanc
956 2956 1206 3036 praecellentiam

286 3039 352 3117 ipae
377 3047 489 3118 sponte
513 3038 562 3100 vel
583 3040 731 3114 retinere,
755 3040 802 3099 vel
826 3039 992 3117 dimittere,
1022 3040 1103 3099 etin
1127 3046 1208 3098 utro-

285 3140 346 3200 que
368 3121 529 3182 hebetius
552 3123 698 3182 divinum.
733 3122 785 3184 Sic
807 3143 825 3182 a
847 3123 1040 3182 Constantini
1057 3129 1208 3202 tempore,

287 3223 348 3264 nou
372 3205 537 3265 autoritate
558 3204 755 3285 pontificum,
784 3206 839 3266 sed
862 3207 1096 3286 imperatorum,
1126 3225 1208 3266 crea-

287 3289 359 3347 turis
383 3287 524 3348 humauis
546 3288 618 3348 data
642 3296 689 3348 est
711 3288 850 3366 libertas,
884 3289 1024 3370 personis
1056 3298 1086 3350 et
1115 3288 1208 3349 rebus

287 3371 583 3448 ecclesiastieorum,
617 3390 675 3432 nec
703 3379 807 3451 potest
834 3372 872 3432 ad
903 3373 962 3433 hoc
983 3371 1062 3431 ullus
1084 3391 1209 3452 respou-

288 3452 361 3513 dere
384 3453 466 3512 aliud
496 3453 577 3533 quod
608 3455 719 3515 valeat.
764 3455 873 3532 Unde,
907 3456 932 3515 si
966 3455 1132 3535 imperator
1161 3455 1210 3516 vel
1322 3475 1324 3480 ⁴

147 3558 149 3565 ’
245 3585 249 3595 ,
287 3535 382 3596 duces
404 3555 521 3596 rursum
546 3537 623 3597 haec
645 3547 807 3614 revocent,
847 3558 925 3617 quae
961 3558 1017 3597 sue
1046 3539 1209 3600 autoritate

288 3618 455 3696 donarunt,
493 3641 556 3680 uon
584 3627 688 3700 potest
718 3621 762 3680 eis
792 3621 889 3680 resisti
923 3621 989 3680 aine
1017 3629 1145 3700 peccato
1179 3629 1211 3680 et

287 3703 454 3781 impietate.
499 3702 601 3777 Quare
623 3703 697 3764 nihil
722 3703 772 3763 hic
796 3703 867 3763 lacit
887 3703 1081 3783 depravator,
1105 3700 1210 3765 dunta-

288 3794 341 3843 xat
363 3803 420 3846 coe
442 3786 620 3865 imperatori
642 3785 819 3863 subiiciens,
844 3787 894 3866 qui
917 3787 1099 3865 temporalia
1120 3786 1158 3846 ab
1173 3805 1210 3845 eo

289 3868 471 3947 suscipiunt,
495 3875 602 3948 aperte
623 3875 655 3930 et
677 3877 792 3930 temere
822 3869 946 3930 verbum
970 3869 1027 3929 Dei
1051 3869 1130 3930 Petri
1153 3867 1211 3927 dia-

290 3968 428 4030 cerpeuS.

370 4033 398 4094 A
426 4052 497 4113 quo,
526 4053 614 4114 rogo,
637 4034 730 4096 habet
752 4035 819 4115 ipse
846 4033 1050 4114 temporalia?
1093 4033 1121 4094 A
1150 4030 1211 4090 dia·

315 4133 409 4174 aunan
423 4144 474 4183 opp.
489 4135 515 4175 v.
530 4134 557 4173 e.
572 4135 655 4178 eamr.
669 4135 721 4175 nuc
734 4135 749 4173 1.
763 4145 785 4184 p.
801 4134 850 4176 vor.
865 4135 905 4174 ur.
1006 4130 1047 4196 23
