3075 4775
334 539 400 614 M
627 546 647 601 l.
667 545 774 602 Ocncio
793 546 826 600 n,
848 547 881 599 u.
901 545 978 601 both.

336 731 530 794 snetecerent
548 729 588 793 ad
610 731 856 794 contemnendas
877 733 966 794 huius
987 733 1069 794 vitae
1086 731 1262 811 illecebras,

337 822 371 877 nt
398 816 443 876 sio
471 815 569 896 magis
604 833 642 876 ao
674 817 773 896 magis
797 823 975 896 pararentur
997 817 1090 878 animi
1119 815 1159 878 ad
1183 836 1262 878 mor·

336 907 415 976 tam,
446 915 483 958 ao
512 897 666 979 baptismo
690 897 860 961 satisfieret.
904 900 1043 962 Debebat
1065 905 1171 962 tamen
1195 900 1262 960 illo-

337 998 411 1042 rum⁴
425 983 562 1043 omnium
584 1001 655 1042 esse
676 982 786 1044 modus
808 983 948 1064 quidam,
980 998 1042 1044 non
1072 982 1156 1064 quod
1179 1001 1262 1064 mag-

337 1064 445 1126 nitudo
482 1063 532 1125 vei
562 1083 706 1125 numerus
739 1065 862 1128 iliorum
892 1073 993 1128 certus
1025 1065 1262 1146 praescribatur,

337 1148 391 1210 ssd
425 1147 487 1210 hoo
514 1148 643 1228 quisque
672 1149 913 1227 animadvertat,
947 1157 1093 1230 quantum
1125 1157 1156 1211 et
1188 1148 1262 1230 quid

336 1230 506 1312 baptismus
529 1230 685 1310 postulet,
721 1231 750 1292 id
782 1232 865 1312 quod
894 1234 939 1293 sis
960 1231 1173 1312 accipiendum
1198 1241 1260 1292 est:

338 1311 437 1376 Sentit
457 1314 666 1393 unusquisque
696 1335 753 1376 sua
779 1317 868 1393 vitia,
901 1317 932 1375 in
965 1314 1073 1394 quibus
1101 1316 1169 1395 ipse
1197 1333 1262 1375 nra-

338 1397 420 1457 xime
441 1395 578 1474 laborat,
612 1415 673 1476 qua
699 1399 791 1478 igitur
821 1400 942 1460 ratione
969 1395 1022 1460 ilio
1054 1399 1186 1478 opprimi
1208 1404 1264 1458 aut

340 1477 515 1540 mortificari
537 1498 631 1559 posse
653 1480 786 1560 putabit,
820 1489 1002 1559 coutetur,
1039 1481 1121 1561 quod
1149 1482 1174 1541 si
1197 1483 1261 1541 ani-

340 1559 510 1623 madvertet
533 1561 712 1624 decrescere
735 1565 809 1626 vitis
838 1571 869 1626 et
889 1565 1044 1641 imminui,
1073 1563 1113 1625 de
1135 1563 1261 1624 mortiti-

338 1646 463 1706 catione
484 1663 608 1724 quoque
629 1646 818 1725 aliquantum
840 1649 986 1710 remittat.

419 1727 527 1806 Neque
558 1735 660 1789 autem
694 1737 851 1792 tentantur
871 1731 950 1792 haec
971 1730 1112 1790 humenis
1134 1729 1261 1803 viribus,

337 1825 395 1871 sos
417 1811 498 1870 enim
528 1810 566 1870 de
594 1812 631 1871 iis
659 1811 804 1890 dicimus,
842 1814 893 1893 qui
915 1813 1060 1893 baptizati
1090 1819 1123 1873 et
1141 1814 1260 1892 recepti

337 1899 409 1954 sunt
435 1893 467 1953 in
490 1895 635 1975 gratim,
674 1903 705 1955 et
732 1897 783 1975 qui
807 1896 933 1957 credunt
961 1897 1021 1957 iem
1044 1895 1112 1956 Deo
1135 1897 1261 1976 promit-

336 1977 413 2037 tenti
439 1984 636 2057 peccatorum
661 1978 885 2042 remissionem.
929 1979 967 2040 Hi
995 1977 1057 2039 tide
1084 1978 1125 2040 ad
1157 1979 1261 2039 morti·

337 2057 474 2120 decadas
495 2062 615 2139 peccati
636 2061 781 2143 reliquias
804 2069 836 2123 et
856 2063 961 2123 omnia
980 2061 1041 2122 aiis
1059 2060 1140 2123 bona
1163 2079 1259 2140 opera

336 2148 571 2204 commoventur
601 2150 633 2203 et
662 2145 843 2207 excitantur.
891 2145 955 2206 lam
984 2144 1035 2224 qui
1063 2143 1178 2204 nnllam
1208 2143 1260 2204 hs-

336 2223 411 2284 beut
431 2221 534 2301 fldem,
556 2243 590 2284 se
614 2225 717 2288 multis
738 2246 777 2287 ao
798 2229 891 2289 variis
913 2227 1084 2308 defatigant
1104 2225 1261 2307 operibus,

336 2309 397 2366 ism
419 2305 480 2367 hoo
508 2307 568 2366 ism
591 2307 666 2370 illud
687 2310 866 2389 instituunt,
901 2317 933 2372 et
954 2310 1092 2372 contenti
1115 2316 1185 2371 suut
1207 2309 1262 2370 illo

337 2385 420 2449 nudo
441 2396 473 2450 et
494 2397 623 2451 externa
644 2396 747 2474 operis
769 2396 890 2475 specie,
920 2396 951 2455 in
986 2412 1047 2474 quo
1071 2412 1127 2455 cen
1150 2394 1180 2453 in
1204 2393 1261 2473 iig-

337 2490 399 2532 nea
419 2479 520 2534 statua
533 2493 634 2554 neque
655 2477 726 2554 vita,
750 2478 942 2559 neospiritus
964 2476 1073 2556 aliquis
1083 2477 1173 2554 inest,
1196 2495 1260 2537 uno

335 2555 473 2635 perfecto
496 2565 717 2619 convertuntur
744 2579 819 2620 mox
845 2559 1008 2638 adalind,
1041 2578 1079 2620 ec
1106 2560 1182 2620 mira
1216 2560 1261 2619 in-

335 2639 509 2700 constantia
531 2648 680 2720 perpetuo
702 2643 856 2723 feruntur,
885 2662 986 2722 neque
1008 2643 1074 2702 eius
1097 2644 1140 2702 rei
1163 2641 1259 2701 ullum

335 2722 469 2782 sentiunt
489 2722 628 2783 fructum.
671 2724 820 2786 Nonnulli
854 2728 946 2787 etium
969 2724 1010 2787 ad
1030 2724 1180 2785 insoniam
1204 2725 1260 2787 illo

335 2803 436 2865 studio
458 2802 576 2867 redacti
598 2813 683 2886 sunt,
718 2815 751 2868 ut
772 2828 831 2869 nec
859 2808 916 2871 sibi
939 2826 997 2869 uec
1019 2807 1086 2868 eliis
1109 2807 1261 2887 prodesse

334 2893 472 2966 possent.

419 2970 531 3031 Verum
555 2974 659 3032 omnia
680 2973 734 3033 illa
754 2974 953 3035 incommoda
974 2972 1046 3033 inde
1069 2978 1139 3032 suut
1156 2980 1262 3051 enata,

334 3052 417 3132 quod
445 3052 483 3114 ab
514 3055 614 3134 impiis
643 3054 822 3118 doctoribus
859 3057 996 3137 persuasi
1028 3055 1176 3115 sentimus
1200 3074 1260 3115 nos

333 3154 353 3196 a
374 3134 528 3216 baptismo
551 3154 605 3197 seu
618 3140 806 3201 contritione
829 3140 895 3201 sine
909 3140 1045 3219 peccatis
1069 3154 1148 3198 esse.
1169 3138 1248 3199 Item

274 3237 297 3305 .'
334 3218 416 3297 quod
439 3217 522 3280 bona
543 3238 640 3299 opera
661 3240 724 3282 non
746 3223 786 3283 ad
801 3220 1017 3284 mortificanda
1038 3228 1178 3301 peccata,
1203 3186 1259 3281 sed

217 3332 229 3355 ·
333 3300 372 3362 ad
403 3301 589 3363 sumnianda
618 3306 743 3383 merita,
780 3314 810 3365 et
847 3305 885 3365 ad
919 3303 1168 3366 satisfaciendum
1200 3323 1258 3383 pro

332 3385 468 3463 peccatis
492 3386 624 3447 vaieent.
667 3386 860 3450 Confirmant
884 3395 988 3448 autum
1020 3386 1146 3467 impiam
1176 3385 1260 3449 hanc

333 3466 528 3547 opinionem,
561 3470 612 3547 qui
641 3471 719 3530 vitas
750 3478 782 3532 et
810 3489 904 3551 opera
928 3469 1110 3533 Sanctorum
1142 3469 1256 3549 impru-

332 3548 440 3609 denter
460 3550 650 3631 praedicent,
672 3555 759 3633 quasi
782 3573 820 3615 ee
836 3555 998 3634 proposito
1019 3554 1080 3613 siut
1102 3552 1258 3633 exempla,

332 3650 411 3710 quae
433 3652 490 3693 nos
518 3634 629 3695 imitsri
658 3638 833 3698 conveniat.
877 3636 967 3698 Stulti
989 3636 1082 3716 igitur
1103 3634 1257 3715 homines,

333 3716 383 3793 qui
408 3717 492 3775 omni
512 3716 625 3780 iudicio
647 3720 677 3778 in
702 3719 749 3779 his
770 3718 862 3781 rebus
884 3727 999 3795 carent,
1022 3736 1117 3779 caeco
1138 3719 1257 3798 impetu

332 3799 362 3858 in
385 3798 445 3873 ista
467 3797 647 3861 Sanctorum
671 3803 815 3883 exempla
833 3804 966 3880 irruunt,
994 3808 1026 3863 et
1046 3800 1126 3862 bene
1149 3818 1257 3863 secum

331 3887 432 3942 sotum
455 3888 579 3962 putant,
612 3885 636 3943 si
665 3891 821 3966 utcunque
849 3892 1008 3947 externam
1036 3884 1154 3945 larvam
1181 3884 1256 3945 fecti

330 3966 546 4043 expresserint.

412 4048 527 4110 Verum
558 4047 642 4113 Deus
673 4050 803 4132 singulis
837 4049 958 4113 &netis
999 4048 1136 4131 singutas
1169 4047 1256 4113 dedit
