3075 4775
1066 431 1077 462 0

351 494 414 618 456
574 552 609 609 V.
629 551 735 609 Contio
753 553 787 607 l).
807 553 843 610 Ι.
862 553 891 606 L.
904 553 947 608 ’dc
967 555 1088 608 matrim.

277 816 283 830 Ι
353 748 386 802 ct
406 740 616 814 utilissimum,
647 743 731 823 quod
752 761 816 803 non
839 743 940 803 solum
963 741 1067 803 debila
1088 741 1279 804 matrimonii

354 832 386 886 et
404 825 670 905 imperfectiones,
688 843 798 890 ¹verum
821 827 914 887 ctiam
937 827 1041 887 omnia
1062 825 1123 886 ulia
1144 832 1278 907 peccata

352 908 490 986 tolleret,
527 910 554 969 si
586 908 680 969 modo
702 908 799 969 falsus
825 927 913 971 amor
934 910 1041 991 lapsae
1061 916 1190 970 naturae
1211 925 1276 968 non

353 992 551 1070 usqueadeo
574 992 758 1054 obcaecaret
779 993 909 1054 miseros
932 999 1084 1073 parentes,
1108 993 1159 1071 qui
1180 991 1278 1072 pluris

351 1075 468 1136 faciunt
488 1094 653 1155 puerorum
677 1094 825 1155 corpora,
855 1093 945 1156 quam
968 1077 1097 1139 animos.
1119 1075 1200 1136 Hinc
1222 1074 1277 1135 Sa-

352 1157 524 1234 lomon*):
547 1157 606 1233 Qui
626 1159 849 1240 parcitvirgae,
874 1161 899 1219 is
922 1159 989 1220 odit
1000 1159 1095 1220 filium
1106 1159 1277 1239 proprium,

354 1248 385 1301 et
406 1242 457 1320 qui
479 1241 579 1322 diligit
600 1240 706 1320 filium,
727 1244 851 1322 saepius
874 1243 1013 1324 castigat.
1037 1242 1114 1306 Sunt
1134 1243 1166 1302 in
1180 1239 1278 1302 corde

352 1326 438 1405 pueri
462 1325 555 1385 stulta
576 1324 700 1385 decreta
734 1334 765 1385 et
793 1326 939 1405 puerilia,
973 1345 1054 1406 quae
1080 1345 1137 1406 per
1156 1326 1277 1405 virgam

352 1408 509 1468 tolluntur.
551 1407 631 1491 Hinc
650 1409 750 1473 idem:
781 1407 813 1470 si
840 1410 927 1490 virge
954 1410 1142 1491 percusseris
1168 1406 1278 1486 fllium,

350 1490 483 1551 redimes
505 1492 638 1551 animam
659 1493 726 1552 eius
747 1491 787 1552 ab
809 1493 940 1554 inferno.

433 1573 570 1635 Necesse
591 1581 656 1653 est,
683 1582 718 1636 ut
729 1574 915 1656 diligentius
945 1583 976 1637 et
1002 1575 1191 1655 frequentius
1213 1591 1277 1634 me·

351 1656 484 1718 ditentur
505 1659 669 1738 coniuges,
701 1678 782 1738 quaa
811 1659 901 1719 saluti
933 1661 1055 1720 animae
1088 1656 1276 1736 conducunt,

351 1759 442 1819 quam
466 1759 546 1820 quae
568 1741 718 1822 corporis.
760 1741 869 1822 ltaque
898 1743 1022 1804 tandem
1054 1742 1099 1802 sic
1124 1740 1180 1802 tibi
1207 1759 1276 1820 per-

351 1823 456 1902 suade,
478 1825 563 1903 quod
585 1844 662 1905 puer
682 1832 731 1884 cst
751 1843 809 1885 ceu
832 1827 991 1887 thesaurus
1017 1825 1147 1886 eximius
1169 1843 1189 1884 a
1205 1823 1276 1884 Deo

350 1909 534 1968 commissus
556 1927 670 1988 magns
682 1907 842 1988 diligentia
858 1908 1088 1989 custodiendus,
1111 1927 1151 1968 ne
1171 1927 1192 1967 a
1213 1905 1277 1967 dia

350 1989 435 2070 bolo,
458 1991 573 2064 mundo
595 1991 647 2053 vel
668 2009 761 2052 came
778 1994 878 2073 possit
899 1993 1015 2072 seduci,
1038 1999 1070 2053 et
1090 1991 1173 2071 quod
1192 1990 1277 2050 hunc

351 2074 526 2134 thesaurum
555 2075 587 2134 in
615 2081 716 2135 morte
751 2081 783 2135 et
815 2082 954 2138 extremo
985 2075 1098 2137 iudicio
1128 2081 1276 2135 accurato

352 2159 495 2217 mumius
516 2159 701 2237 repetiturus
722 2160 763 2218 sit
783 2158 878 2222 Deus.
922 2159 1012 2221 Unde
1039 2161 1119 2220 enim
1151 2158 1276 2218 misera-

351 2240 421 2299 bilis
443 2240 583 2318 eiulatus,
605 2240 819 2302 ethomendus
842 2241 933 2304 fletus
956 2262 1070 2320 aarum,
1093 2259 1172 2321 quae
1188 2241 1274 2322 plan-

350 2327 434 2403 gent,
457 2322 677 2402 dicentes**):
709 2324 797 2387 Beati
819 2332 958 2405 ventres,
980 2328 1032 2408 qui
1054 2343 1117 2389 non
1147 2343 1276 2407 pepere

350 2413 436 2485 runt,
459 2405 497 2467 ¹et
517 2407 609 2469 beata
632 2406 735 2482 ubera,
758 2428 839 2489 quae
862 2429 924 2473 uon
947 2408 1158 2471 lactaverunt?
1202 2409 1276 2471 Pro·

351 2490 401 2549 cul
429 2488 522 2551 dubio
556 2510 596 2551 ex
616 2492 692 2569 hoc,
727 2492 811 2572 quod
830 2492 920 2559 ¹lilios
951 2494 1134 2557 commissos
1166 2492 1275 2553 aDeo

350 2574 485 2654 pessime
506 2573 684 2637 educarunt.
729 2574 917 2639 Osanctam
940 2576 1149 2639 conditionem
1173 2576 1276 2636 matri-

351 2658 456 2735 monii,
479 2659 504 2718 si
527 2667 620 2738 recte,
643 2661 796 2738 miseram,
818 2661 844 2720 si
866 2662 947 2722 mala
967 2661 1059 2749 iperit
1081 2659 1257 2722 observata.

432 2740 518 2801 llaec
546 2743 662 2822 siquis
689 2743 962 2825 animadverteret,
996 2744 1140 2804 facillime
1163 2760 1277 2803 coucu-

351 2824 532 2903 piscentiam
555 2827 655 2885 carnis
676 2825 855 2906 reiteraret,
878 2834 910 2889 et
931 2828 1070 2888 fortassis
1091 2826 1181 2886 citius
1204 2828 1277 2886 arri-

350 2913 438 2986 peret
457 2908 628 2968 institutum
650 2909 850 2990 virginitatis,
873 2930 964 2991 quam
988 2910 1185 2972 matrimonii.
1229 2909 1275 2969 lu·
1346 2954 1348 2959 -

350 2997 459 3050 ventus
492 2991 691 3072 cupiditatum
724 3012 843 3073 sequax
879 2994 957 3055 haec
985 3013 1042 3055 ceu
1065 3012 1160 3075 parva
1183 2994 1274 3053 aesti-

247 3102 250 3108 ‚
351 3080 429 3152 mat,
462 3073 545 3134 Dens
574 3082 677 3136 autem
707 3095 771 3137 non
801 3078 866 3157 sic,
905 3079 956 3158 qui
985 3079 1064 3139 iuste
1085 3076 1274 3137 iudicaturus

350 3157 555 3238 magnifaciet.
837 3184 843 3216 ι

741 3241 877 3304 Summa.

432 3323 464 3384 si
486 3324 533 3384 vis
554 3342 658 3385 veram
685 3344 780 3405 agere
801 3327 1040 3407 poeniteutiam,
1071 3346 1208 3388 summas
1231 3328 1273 3388 in·

351 3404 525 3486 dulgentias
541 3406 593 3467 hic
613 3415 645 3468 et
666 3408 739 3470 alibi
754 3410 922 3489 acquirere,
939 3408 1165 3488 felicitermori,
1188 3416 1272 3471 tuam

348 3490 523 3571 prosapiam
545 3492 651 3572 augeri
680 3498 712 3552 ct
734 3491 929 3573 amplificari,
962 3512 1081 3554 summa
1102 3492 1274 3575 diligentia,

350 3573 423 3633 totis
445 3572 559 3633 viribus
582 3592 716 3653 conare,
749 3582 783 3636 ut
804 3578 891 3656 pueri
911 3576 991 3638 bene
1012 3578 1225 3656 instituantur,
1249 3578 1274 3637 si

348 3674 404 3734 per
425 3663 456 3715 te
477 3675 541 3716 uon
563 3665 670 3738 potes,
692 3665 778 3719 utere
800 3659 930 3720 aliorum
953 3678 1064 3741 opera,
1086 3661 1138 3740 qui
1161 3661 1273 3738 sciant,

349 3740 471 3818 possint
502 3746 535 3799 et
561 3740 672 3819 velint,
701 3760 760 3802 nec
787 3761 880 3823 parce
905 3743 1020 3823 labori,
1059 3744 1198 3824 pecuniis
1221 3750 1275 3804 aut

348 3824 491 3901 sumptui.
535 3823 620 3884 Haec
641 3832 712 3885 sunt
732 3825 851 3902 altaria,
872 3832 1072 3907 testamenta,
1094 3827 1221 3907 vigiliae
1243 3832 1275 3887 et

350 3906 461 3966 missae
488 3905 709 3986 defunctorum,
739 3910 813 3969 item
841 3909 975 3990 lumina,
1006 3926 1086 3989 quae
1113 3908 1168 3972 tibi
1191 3910 1272 3970 luca

348 4045 377 4051 μ
419 4091 452 4160 *)
471 4091 603 4146 Proverb.
622 4092 665 4148 13.
703 4092 752 4163 ”)
773 4092 863 4151 Lucae
881 4097 925 4153 22.
1018 4094 1021 4103 ’
