3075 4775
1161 485 1165 516 i

338 514 403 580 440
569 513 615 570 ΠΙ.
653 515 757 572 Cossio
777 513 811 570 ds
830 514 1005 568 ωιιοιιιοιιο

340 703 472 764 usuum
502 707 534 762 et
568 701 732 763 ooniirmst
759 721 817 764 nes
848 703 879 762 in
909 700 970 762 fide
992 709 1024 762 ei
1044 700 1264 774 netimeas

341 784 464 847 taudem
487 785 583 846 semei
615 805 654 844 ex
681 785 742 846 hoo
772 784 919 846 seeulo'
912 804 942 843 m
968 784 1075 846 eoeios
1106 772 1261 844 transferi.

340 869 463 930 inierim
486 876 605 948 eutem,
628 867 700 928 dum
721 869 773 929 hie
792 869 933 944 vivimus,
956 868 1035 928 elius
1058 868 1150 928 ulium
1172 866 1263 940 ferei

341 953 420 1013 sieut
441 951 579 1012 Christus
600 970 724 1030 quoque
746 972 804 1012 nos
828 951 911 1031 sulit,
948 970 1048 1030 neque
1077 950 1157 1010 euim
1181 951 1261 1028 quis·

341 1055 433 1113 quem
453 1034 612 1097 homiuum
635 1042 682 1094 esi
704 1035 866 1114 perfectus.

423 1117 532 1198 Neque
559 1138 632 1178 vero
665 1118 727 1178 hoe
754 1120 823 1178 solo
845 1118 1000 1178 verbosi
989 1118 1171 1196 sexemplo
1206 1135 1262 1176 suo

341 1201 479 1263 Christus
499 1201 590 1262 uobis
595 1202 776 1298 proposuit
796 1200 948 1261 sedidem
963 1203 1055 1260 eiiam
1080 1219 1262 1280 expressum

341 1294 390 1346 esi
410 1286 545 1345 externis
578 1285 673 1364 siguis
705 1287 794 1364 penis
818 1285 942 1344 etvini.
987 1283 1038 1344 Sio
1065 1285 1146 1344 enim
1170 1286 1262 1342 seuti-

341 1386 418 1446 mus‚
436 1368 517 1429 hune
532 1387 642 1446 penem
666 1386 738 1429 esse
751 1387 863 1446 eorpus
878 1367 999 1442 Christi,
1021 1373 1052 1428 et
1074 1366 1133 1426 hoe
1156 1368 1262 1426 vinum

341 1471 411 1512 esse
432 1451 544 1511 Christi
522 1452 758 1529 i.sauguinem
801 1449 894 1510 Aliud
926 1450 1019 1530 igitur
1041 1449 1146 1509 videm
1168 1450 1262 1513 oculi

342 1534 424 1595 eliud
447 1533 523 1594 fides
546 1533 641 1594 verbu
663 1534 824 1595 admonita
846 1532 957 1611 eredit,
989 1552 1068 1612 quse
1099 1531 1172 1593 fidei
1193 1552 1262 1610 pro

341 1619 407 1698 pris
429 1617 546 1698 effigies
577 1627 607 1676 et
639 1619 742 1696 imago
765 1624 822 1677 esi.
801 1616 943 1676 iNem
966 1635 1035 1676 eum
1066 1631 1263 1676 suerumemo

340 1701 402 1761 hoe
423 1701 547 1778 utimur
581 1708 612 1760 et
632 1701 775 1760 audimus
798 1719 920 1779 quoque
944 1701 1085 1776 verbum,
1124 1697 1186 1760 duo
1210 1699 1263 1760 iila

341 1793 468 1844 externe
489 1747 687 1861 eorieurrunt,
710 1783 836 1844 verbum
845 1783 987 1862 ‚qued
980 1804 1010 1842 ru
1036 1802 1144 1857 eures,
1167 1785 1226 1841 et
1219 1802 1263 1860 rp-

306 1937 309 1945 ,
341 1887 408 1928 sum
429 1866 559 1932 sectum,
587 1868 700 1946 quod·
692 1888 722 1929 m
746 1867 853 1928 oeulos
877 1867 1011 1926 incurrit.
1054 1865 1263 1926 Nihilominus

342 1958 444 2010 temen
476 1951 506 2009 iu
543 1949 603 2010 illis
633 1952 767 2010 externis
791 1957 822 2009 ei
853 1949 997 2009 subiectis
1032 1950 1140 2008 sensui»
1170 1947 1263 2008 rebus

340 2032 497 2094 oeternum
520 2036 628 2109 vitam,
652 2035 756 2094 omnia
777 2036 851 2094 item
874 2031 1026 2092 bonorum
1049 2051 1176 2112 genere,
1199 2033 1262 2092 imo

341 2116 437 2176 Deum
475 2134 597 2194 quoque
632 2119 732 2195 ipsum
767 2116 902 2176 omnium
941 2115 1091 2176 bonorum
1121 2123 1263 2174 autorem

342 2198 610 2278 apprehendimus.
1020 2233 1023 2242 ι

305 2357 309 2364 .
423 2279 530 2354 Qualis
546 2289 647 2340 eutem
671 2281 752 2355 fidei
777 2283 845 2341 ielis
860 2300 982 2360 quoque
1006 2283 1141 2343 ueritatis
1157 2283 1262 2361 imago

341 2364 372 2423 iu
394 2363 454 2424 hoe
475 2373 668 2425 ssersmento
691 2374 738 2424 est
760 2383 924 2444 expresse,
956 2383 993 2425 ee
1016 2366 1114 2447 prime
1137 2363 1263 2447 quidem

340 2448 371 2507 in
405 2466 495 2527 pene.
538 2446 643 2509 (irene
665 2450 762 2523 enim
801 2449 974 2527 priusquam
1010 2449 1160 2509 molitoris
1196 2458 1262 2507 urie

341 2530 371 2590 iu
396 2550 486 2591 uuum
511 2532 666 2611 pulverem
696 2540 862 2611 cogentur,
889 2531 1128 2611 unumquodque
1151 2550 1264 2610 perse

340 2614 495 2693 preprium
518 2634 556 2675 ee
577 2617 730 2695 integrum
752 2634 863 2695 eorpus
886 2624 949 2692 est,
978 2614 1028 2675 ubi
1049 2621 1151 2675 eutem
1176 2632 1263 2677 eom-

341 2698 457 2757 miuuto
477 2698 602 2777 fuerint,
637 2718 728 2759 uuum
762 2697 918 2777 quoddam
948 2696 1114 2760 conficiunt
1135 2716 1262 2776 eorpus.

340 2779 391 2840 eis
418 2787 450 2841 et
476 2782 507 2841 iu
539 2783 625 2858 vino,
662 2782 837 2861 priusquam
864 2783 895 2840 in
912 2780 1065 2841 -toreular
1096 2780 1261 2841 eonieetse

340 2882 418 2923 uvae
446 2871 658 2940 conterentur,
699 2881 882 2943 unaqueque
915 2882 973 2923 uve
1008 2884 1093 2923 suem
1126 2863 1259 2923 formem

338 2947 451 3007 retinet
470 2948 637 3027 integram,
660 2947 710 3007 ubi
732 2954 837 3007 autem
859 2949 963 3007 vinum
986 2948 1191 3026 expresseris,
1210 2967 1263 3013 ¹eu

339 3028 464 3090 infinitis
500 3032 567 3091 uris
594 3051 672 3090 unus
693 3037 785 3110 potus
808 3030 977 3090 oonfieitur.
1020 3030 1128 3107 Neque
1151 3027 1263 3089 eonfit-

342 3132 425 3173 mere
447 3114 514 3192 quis
536 3122 654 3194 potest,
677 3113 738 3173 hoe
760 3114 809 3173 vel
833 3134 872 3175 ex
895 3113 948 3173 ilio
969 3112 1018 3173 vei
1041 3113 1103 3173 siis,
1125 3113 1261 3191 quedem

339 3215 398 3257 uve
443 3196 636 3275 profluxisse.
688 3195 956 3271 Quemadmodum
1005 3214 1128 3276 quoque
1167 3214 1261 3257 uerno

341 3284 444 3357 potest
465 3297 621 3358 asserere,
658 3280 786 3339 ferinam
817 3280 866 3340 vel
901 3300 939 3339 ex
975 3280 1045 3341 hoe
1064 3279 1114 3339 vel
1140 3279 1261 3339 exilio

255 3385 259 3394 ·
339 3380 436 3440 grsuo
458 3363 586 3441 faeiem,
614 3364 659 3423 sie
681 3364 761 3422 enim
786 3364 933 3425 confusae
955 3372 987 3423 et
1008 3382 1087 3423 uvae
1109 3370 1141 3422 et
1163 3383 1263 3442 grona

339 3452 426 3520 suoi
450 3454 483 3506 ιιι
504 3446 636 3523 disserui
657 3446 788 3526 emplius
811 3466 872 3507 uon
896 3447 1023 3527 possint

422 3529 552 3608 Atque
543 3550 575 3589 m
596 3531 678 3590 hune
701 3530 825 3591 modum
846 3529 876 3592 S.
889 3529 1002 3589 Paulus
1026 3547 1149 3608 quoque
1171 3547 1261 3595 eoue-

339 3612 422 3690 pisse
443 3612 501 3679 istu
518 3612 638 3673 videtur
662 3618 688 3675 1.
703 3613 838 3673 Corinthi
797 3616 907 3679 ι10;
930 3612 1084 3687 Quoniam
1106 3629 1185 3671 unus
1207 3630 1262 3693 ps-

260 3735 266 3741 ·
340 3694 401 3755 nis
434 3714 525 3762 uuum
561 3715 672 3776 eorpus
701 3715 758 3757 nos
781 3696 867 3757 multi
845 3702 1005 3757 t.sumus
1049 3694 1125 3755 Nem
1149 3714 1261 3755 omnes

339 3797 376 3837 ex
399 3776 510 3839 eodem
548 3798 629 3859 pune
662 3780 887 3859 participamus
933 3777 1012 3853 Quia
1046 3778 1126 3839 euim
1162 3777 1260 3841 verbo

339 3860 505 3937 oredimus,
546 3860 765 3923 mandueemus
798 3881 909 3959 eorpus
944 3863 1013 3923 Iesu
1045 3861 1173 3936 Ohrisii,
1207 3862 1260 3941 qui

325 3942 424 4005 ⁸eiius
446 3945 578 4005 enimam
600 3942 699 4004 reficit
719 3964 757 4007 se
779 3947 886 4025 pessit

410 4020 515 4087 Porro
551 4027 709 4107 proximus
743 4046 829 4089 meus
851 4029 986 4091 visissim
1010 4048 1059 4089 me
1081 4026 1259 4107 mauduni,
