3075 4775
578 534 735 593 ausurus
754 534 880 603 nuspa.
930 560 969 611 Ι,.
1124 534 1199 602 ,113
1285 514 1290 521 '

273 717 403 780 tann‘bus
425 718 564 796 habetur,
587 738 651 781 nou
672 738 740 783 sum
762 726 939 798 contentus,
958 738 1027 789 eam
1042 720 1198 788 ωίὴίοσεθ

274 800 437 878 redditam,
465 803 645 881 praesertim
674 802 799 881 quando
828 803 1021 881 apostolatus
1056 823 1135 881 non,
1164 812 1198 867 ut

162 877 163 930 Ξ
273 886 336 963 ipse
357 903 428 944 cum
449 886 513 945 suis
535 887 645 959 sentit,
666 885 824 966 dignitatis
846 904 961 948 nomen
974 888 1030 963 sit,
1053 886 1108 947 sad
1131 888 1197 949 offi-

274 966 321 1042 cii,
343 974 377 1027 ut
399 966 501 1046 clarus
522 977 571 1029 est
582 969 754 1047 Apostolus
776 967 816 1029 ad
835 968 996 1030 Romanos
1011 970 1059 1047 *)‚
1082 977 1114 1031 et
1134 971 1196 1043 ubi-
1246 988 1248 992 ·

273 1069 350 1129 que,
372 1048 425 1111 ubi
446 1070 482 1111 se
502 1050 577 1111 dicit
597 1052 759 1132 accepisse
780 1053 911 1131 gratiam
932 1058 964 1113 et
984 1054 1194 1131 apostolatum

273 1132 311 1193 ad
332 1132 542 1195 obediendum
563 1133 647 1195 fidei.
689 1134 747 1195 Est
777 1136 858 1194 enim
885 1134 1047 1213 apostolus
1069 1139 1196 1202 nuncius
1265 1143 1267 1152 ’

274 1215 365 1294 verbi,
387 1225 421 1277 et
440 1217 634 1296 apostolatus
649 1236 704 1277 seu
726 1217 939 1297 apostolorum
954 1216 1088 1279 officium
1102 1220 1196 1298 verbi,

273 1300 367 1359 etsie
388 1300 421 1359 in
441 1302 538 1363 sacris
558 1301 654 1362 literis
691 1300 885 1380 apostolatus
917 1301 982 1361 sive
1004 1300 1195 1373 administra-

273 1383 313 1444 tio
334 1382 400 1443 fera
427 1382 510 1446 idem
532 1390 636 1460 erunt3
669 1384 730 1443 nisi
756 1383 1055 1446 administrationem
1087 1384 1196 1446 intelli-

175 1504 180 1513 ·
271 1473 324 1545 gat
345 1467 562 1530 contentiones
592 1466 732 1527 forenses
764 1466 930 1530 derebus
965 1467 1196 1545 temporalibus,

270 1548 504 1625 ecclesiasticis,
538 1568 618 1628 quae
647 1568 710 1610 nou
733 1555 788 1619 est
814 1551 937 1628 proprie
968 1549 1194 1611 administratio

270 1631 453 1711 apostolica.
475 1633 587 1693 Fateor
609 1630 741 1711 quidem,
764 1634 790 1692 si
811 1633 871 1692 ista
894 1634 1085 1711 permittatur
1109 1633 1195 1696 liber-

272 1722 316 1775 tas
339 1713 498 1793 fingendi,
527 1714 701 1796 tingensi)
727 1723 759 1775 et
791 1732 850 1794 ego
874 1714 904 1775 S.
926 1715 1103 1777 iohannem
1120 1736 1195 1778 esse

271 1796 488 1861 cancellarium
514 1805 549 1861 et
577 1798 670 1861 alium
698 1798 876 1877 apostolum
904 1797 986 1860 aliud
1018 1818 1101 1864 esse..
1134 1798 1195 1863 Sed

270 1880 477 1941 haecomnia
515 1900 577 1941 uon
611 1888 682 1941 sunt
702 1881 775 1939 iuris
798 1878 901 1939 divini.
931 1880 1099 1943 Evanescit
1120 1900 1194 1961 ergo

271 1965 457 2044 principium
476 1963 561 2039 illud,
583 1963 667 2043 quod
690 1964 848 2026 murimum
872 1964 903 2023 iu
916 1966 1086 2043 quantitate
1107 1966 1192 2023 iacti-

270 2053 350 2107 tatur
371 2047 416 2121 ²).
444 2047 484 2111 Et
505 2048 580 2109 satis
593 2046 746 2124 admiror,
768 2046 861 2124 quud.
876 2046 1026 2107 Dominus
1051 2050 1193 2127 egregius

269 2130 500 2192 murmurares
530 2131 573 2189 ita
599 2129 763 2206 exhorret,
792 2134 823 2189 et
843 2128 954 2190 taciem
976 2148 1083 2191 eorum
1105 2129 1191 2210 fugit,
1302 2180 1306 2183 .
1347 2098 1361 2109 ⁹

269 2212 426 2274 divertens
447 2214 478 2274 in
501 2214 579 2275 istos
596 2212 755 2277 cuniculos
778 2211 953 2273 humanitus
975 2213 1129 2275 inventos.

350 2294 486 2357 Proinde
506 2294 607 2357 adhuc
627 2303 689 2357 stat
708 2296 857 2367 autoritas
879 2292 919 2353 ad
939 2293 1087 2368 Corinth,
1112 2292 1194 2373 quod

269 2399 325 2460 pro
348 2379 515 2443 schismate
536 2377 675 2442 tollendo
697 2377 810 2441 Paulus
835 2376 888 2454 *-*)
926 2377 1007 2439 tollit
1028 2399 1193 2460 personam

269 2464 367 2543 Petri,
397 2463 501 2540 Pauli,
529 2462 645 2542 Apollo
667 2468 727 2524 etc.
750 2468 782 2522 et
803 2461 904 2522 solum
927 2460 1079 2522 Christum
1102 2461 1191 2523 relin-

204 2575 207 2583 v
269 2548 344 2624 quit,
365 2546 423 2606 sibi
445 2546 553 2608 relicto
566 2547 735 2606 ministerio
757 2544 908 2606 duntaxat
924 2544 1019 2621 verbi,
1043 2545 1127 2624 quod
1149 2552 1197 2606 est

271 2649 342 2689 vere
377 2629 571 2708 apostolatus
603 2635 635 2688 et
666 2628 889 2687 administratio
920 2627 1080 2692 ecclesiae.
1130 2628 1196 2688 Neo

270 2712 374 2781 valet,
399 2711 586 2790 quodhanc
611 2711 857 2772 robustissimam
880 2713 1076 2772 autoritatem
1091 2703 1197 2784 ‚voluit
1270 2730 1274 2738 ·

270 2793 442 2856 dissolvere
473 2793 584 2874 frigida
604 2795 665 2854 ista
685 2793 899 2870 similitudine,
931 2793 1014 2872 quod
1036 2793 1196 2872 provincia

269 2878 337 2938 sine
368 2879 471 2957 capite
497 2877 641 2956 exposita
674 2877 715 2939 sit
741 2875 956 2938 schismatibus
989 2882 1021 2936 et
1051 2875 1194 2955 periculis

271 2960 383 3038 mullis,
405 2979 478 3022 nam
499 2979 563 3021 non
580 2958 847 3021 dabitureoclesia
859 2960 925 3022 sine
938 2959 1049 3038 capite,
1070 2957 1194 3036 quando

271 3041 423 3105 dabuntur
445 3043 531 3104 multi
553 3043 691 3123 episcopi
712 3043 779 3115 sine
802 3061 895 3122 papa.

354 3125 623 3200 Quemadmodum
646 3124 786 3185 videmus
798 3123 864 3187 fieri
885 3126 916 3186 in
929 3123 1121 3204 foederibus,
1144 3123 1194 3187 ubi

272 3227 308 3268 eo
331 3208 488 3290 pulchrius
509 3207 760 3276 administrantur
779 3208 912 3289 respub„
936 3226 996 3286 quo
1022 3209 1120 3268 miuus
1142 3207 1194 3268 ha-

160 3293 164 3300 ’
271 3289 344 3352 hant
364 3311 530 3354 commune
551 3298 656 3371 caput,
677 3286 823 3352 namhoc
844 3291 940 3352 estad
956 3291 1089 3368 oculum,
1111 3291 1194 3370 quod

271 3393 397 3454 reguum
418 3375 581 3450 uanum,
610 3374 757 3455 Angliae,
779 3374 975 3450 Britanniae,
997 3373 1118 3434 Galliae
1133 3420 1140 3452 ‚
1156 3383 1196 3442 yet

271 3455 460 3518 infinitorum
478 3458 509 3516 iu
532 3457 657 3535 mundo,
679 3465 751 3517 sunt
772 3459 839 3518 siue
856 3458 1011 3522 communi
1031 3459 1142 3537 capite,
1165 3466 1197 3518 et

272 3545 374 3602 amau
390 3557 454 3601 nou
473 3539 668 3617 colliduntur,
690 3539 829 3618 quolibet
849 3558 946 3620 reguo
959 3558 1014 3600 suo
1038 3560 1111 3620 rege
1123 3561 1195 3618 con-

272 3627 366 3684 teuto.
390 3622 484 3698 Quod
505 3624 532 3682 si
552 3624 584 3682 in
604 3624 642 3683 iis
664 3622 885 3702 temporalibus
908 3619 1126 3698 fluctuantibus
1150 3629 1196 3684 tot
1289 3631 1316 3714 .⁵

266 3917 272 3924 .
319 3871 345 3928 l)
364 3865 446 3935 Apud
478 3867 680 3921 Loesoherum:
719 3868 862 3935 fingerem.
892 3867 924 3933 2)
956 3868 984 3920 ln
1011 3868 1053 3920 od.
1079 3867 1140 3920 Jan.
1167 3878 1194 3918 et

273 3937 344 4002 apud
374 3938 487 3993 loesoh,
515 3938 611 3991 addita
640 3937 770 4007 leguntur
797 3939 877 3992 haec:
919 3941 947 3990 ln
975 3941 1080 3990 'virtute
1109 3940 1194 4012 maxi·

274 4016 440 4146 ωἳῗιῖῗὼ.
463 4083 486 4133 r.
525 4080 555 4145 ⁸)
577 4082 605 4154 1.ί
624 4078 750 4133 consu.
772 4082 797 4135 r.

299 4181 388 4224 maur
402 4195 453 4234 opp.
468 4184 496 4224 v.
510 4184 537 4224 Α,
551 4185 581 4224 m
593 4172 635 4224 ror.
649 4183 700 4223 uua
714 4184 729 4223 r.
743 4195 766 4232 p.
780 4183 880 4224 vol.111.
1050 4151 1070 4212 8
