3075 4775
582 566 618 620 ad
636 567 693 622 lae.
712 565 907 621 Hoolrstrstsn.
1144 561 1207 627 479

284 751 415 812 Ductori
427 751 572 814 Michaeli
584 751 683 813 Swas.
714 751 794 811 Nam
816 751 1018 812 certissimum
1039 757 1090 810 est
1110 769 1208 830 gram-

285 835 478 896 matistarum
501 834 619 898 turbam
643 836 701 896 hos
713 835 826 895 inferre
847 853 967 895 errores
988 833 1020 893 in
1035 832 1209 894 ecclesiam.

287 916 382 991 Quod
393 915 418 994 1)
452 920 478 979 si
500 938 636 978 summus
660 919 804 979 Pontifex
826 916 880 978 via
896 917 983 997 regia
1004 916 1117 976 dudum
1139 917 1209 976 fuis-

287 1007 336 1061 set
353 1020 549 1081 progressus,
573 1008 604 1062 et
625 1021 689 1062 non
702 1001 840 1062 audisset
858 1003 1062 1080 inutramque
1084 1008 1209 1060 nostrae

286 1082 560 1146 subsannationem
583 1084 872 1145 aGrammaticellis
888 1084 1010 1163 factam,
1032 1103 1094 1144 non
1118 1091 1209 1160 esset,

288 1185 350 1246 quo
373 1169 431 1228 iam
456 1176 548 1249 eaput
571 1189 659 1229 suum
682 1187 837 1228 murmure
858 1174 1060 1244 attentarent,
1083 1173 1116 1226 ut
1138 1173 1209 1226 ante

287 1253 320 1310 in
342 1253 487 1312 examine
510 1251 626 1313 Gabale
648 1252 762 1312 dudum
784 1251 1047 1328 tumultuantibus,
1069 1257 1102 1310 et
1123 1251 1210 1329 qussi

286 1333 456 1414 furibundi,
480 1343 511 1396 et
532 1337 620 1414 quasi
641 1335 807 1395 insalutato
830 1334 953 1414 hospite
974 1333 1116 1394 abierunt
1138 1334 1209 1393 Vui-

287 1417 533 1498 tembergenses.

371 1501 441 1582 Ego
453 1507 496 1579 ι11)
522 1504 586 1562 ism
607 1520 722 1562 nonum
744 1501 825 1561 diem
849 1501 901 1560 hic
921 1520 1024 1562 moror
1045 1499 1131 1560 finita
1144 1499 1210 1558 Die·

289 1585 460 1665 putstione,
484 1604 563 1664 quae
584 1591 646 1644 tres
669 1584 791 1645 duravit
812 1587 1009 1664 septimanae.

371 1669 504 1730 Fecerat
523 1668 673 1728 Lutherus
710 1670 743 1728 in
777 1667 827 1728 die
850 1667 880 1732 S.
903 1668 983 1729 Petri
1010 1669 1040 1726 in
1071 1667 1212 1727 absentia

288 1752 438 1832 Principis
459 1753 489 1811 in
502 1751 807 1831 aulaDisputationis
830 1771 1003 1811 sermonem
1021 1751 1209 1810 Hussiticum

262 1835 384 1914 splene
417 1855 591 1897 erroneum.
648 1835 716 1914 Ego
750 1833 914 1894 confestim
950 1836 981 1893 in
1016 1835 1210 1893 visitationis

290 1919 425 1998 Virginis
447 1919 576 1996 Mariae,
613 1925 644 1978 et
671 1917 722 1977 die
742 1918 884 1997 sequenti
907 1919 938 1976 in
960 1917 1211 1996 frequentissimo

288 2001 459 2081 auditorio,
482 2003 574 2081 quale
595 2019 751 2080 nunquam
772 1999 879 2080 habui,
903 2000 1080 2080 praedicavi
1103 2007 1212 2060 contra

290 2087 356 2146 eius
381 2105 517 2164 errores,
546 2092 578 2145 et
599 2084 747 2164 populum
771 2103 856 2144 mere
878 2085 1045 2161 concitavi,
1074 2091 1108 2144 ut
1129 2083 1212 2142 faeti·

290 2169 356 2228 diat
376 2188 496 2230 errores
517 2168 718 2244 Lutheranos,
741 2187 808 2228 cras
831 2167 935 2228 itidem
959 2168 1098 2228 facturus·
1115 2173 1146 2228 et
1169 2169 1213 2226 sio

290 2252 426 2332 Lipsiam
450 2251 666 2312 valedicturus.

374 2336 600 2417 Occupationes
633 2336 762 2411 faciunt,
792 2335 880 2416 *quod
908 2335 1043 2396 Domino
1074 2333 1213 2395 Arnoldo

292 2419 428 2480 scribere
463 2440 525 2480 non
558 2420 674 2499 possim
704 2438 763 2478 nec
792 2418 846 2479 tibi
873 2438 936 2479 non
972 2420 1069 2498 plura.
1113 2419 1159 2477 Tu
1188 2419 1214 2477 si

291 2503 365 2582 quid
389 2503 466 2563 velia
495 2502 679 2578 rescribere,
712 2503 888 2563 committas
911 2501 1048 2561 Domino
1071 2501 1214 2560 Michaeli

292 2586 396 2664 Swas,
434 2588 483 2665 qui
518 2606 573 2665 per
595 2584 738 2645 Sueteros
765 2592 819 2645 aut
841 2584 992 2645 Vualeros
1022 2590 1088 2643 tuto
1111 2590 1216 2663 potest

291 2670 512 2751 Ingolstsdium
535 2670 665 2729 mittere.

376 2753 489 2813 Valeat
509 2753 678 2813 reverenda
700 2753 798 2832 pietas
821 2759 881 2830 tua,
905 2759 935 2813 et
957 2753 982 2810 si
1005 2750 1076 2830 quid
1101 2770 1215 2830 operae

292 2838 412 2917 possim
433 2835 627 2917 impendere,
650 2838 681 2895 in
703 2843 744 2914 te,
766 2842 798 2895 et
819 2835 931 2896 factum
956 2834 1103 2914 erede1).

343 2994 346 2997 p
377 2920 426 2979 ux
448 2920 551 3001 Lipsia
572 2920 683 2980 XXIV.
707 2920 782 2996 lulii,
804 2919 897 2980 Anno
912 2920 1030 3000 gratiae
1052 2918 1214 2980 M.D.Xlll.

452 3084 601 3169 Epistola
622 3084 766 3168 Philippi
788 3085 1041 3153 Molanohthonis

322 3222 362 3305 de
382 3223 504 3302 Lipsics
527 3223 743 3303 Disputatione
764 3222 804 3283 ad
827 3224 958 3284 amicum
982 3222 1194 3303 quendum).
1222 3228 1228 3232 ”

392 3337 525 3439 Amico
548 3378 582 3438 N.
606 3377 809 3459 Philippus
830 3377 1111 3438 Melanohthon

588 3495 725 3558 Salutem
747 3498 778 3556 in
801 3495 933 3555 Christo.

379 3650 487 3732 Neque
509 3615 623 3713 referre
646 3652 772 3714 multum
795 3655 887 3729 puto,
915 3668 1017 3729 neque
1039 3658 1071 3712 tu
1093 3669 1217 3732 meguo-

366 3825 389 3886 l)
410 3823 558 3877 Accusatio
600 3826 691 3892 Papae
733 3825 813 3891 qussi
853 3822 994 3890 eleganter
1035 3827 1217 3893 geminatum.

297 3896 341 3961 ιιι)
363 3896 445 3948 Redit
463 3896 536 3949 unde
556 3895 697 3965 digressus
718 3899 769 3947 est,

369 3967 401 4033 l)
422 3969 452 4019 ln
472 3969 587 4022 Loesch.
609 3971 667 4020 Act.
688 3969 807 4020 Reform.
828 3966 862 4017 Ill
883 3983 909 4034 p.
930 3966 982 4022 224
1001 3967 1114 4035 legitur:
1149 3974 1176 4020 et
1194 3970 1217 4021 sl

297 4040 364 4109 quid
385 4055 487 4107 operae
507 4042 613 4107 possim
633 4039 794 4109 impendere
813 4040 841 4091 in
861 4042 897 4103 te,
917 4039 946 4088 id
965 4042 1066 4091 factum
1088 4040 1179 4098 crede.

370 4109 402 4179 ‘J
424 4114 442 4166 i.
462 4128 485 4167 e.
504 4112 637 4165 loannem
655 4109 911 4180 Oeeolampsdium.
