3075 4775
535 571 553 607 a
569 556 691 610 notariis
710 565 836 628 excepta.
1100 558 1162 627 159

248 748 279 804 et
302 741 506 823 Hieronymus
547 751 654 805 contm
686 744 902 828 Pelagianos,
925 748 1098 831 Cyprianus
1131 758 1162 811 et

248 826 424 889 Ambrosius
445 833 555 888 contra
575 829 707 889 Arianos
731 838 762 890 et
783 829 996 913 Horatianos,
1027 852 1082 894 eos
1103 852 1161 914 pro

247 910 368 971 arbitrio
388 911 582 991 interpretari
604 930 721 972 sacram
744 913 942 995 scripturam.

323 994 413 1071 Petit,
434 994 519 1072 quod
530 995 658 1075 probem
671 1016 770 1056 meam
782 1001 975 1075 sententiam,
993 1018 1062 1059 cum
1074 1016 1160 1059 susm

246 1077 373 1158 probare
395 1096 457 1138 non
478 1079 593 1157 possit,
621 1098 720 1140 meam
743 1100 821 1142 vero
842 1082 1004 1163 probatam
1027 1083 1160 1143 iudicum

246 1162 384 1239 relinquo
406 1160 531 1222 iudicio.

324 1245 372 1304 De
393 1242 520 1305 donec
541 1246 669 1305 aliaest
690 1248 771 1307 ratio
793 1247 973 1327 Hieronymi
996 1248 1035 1310 ad
1057 1248 1160 1328 Helpi·

244 1327 340 1406 dmm,
362 1328 436 1405 quia
456 1327 580 1388 aliunde
601 1329 747 1409 probatur
769 1348 810 1389 cx
831 1330 1010 1409 Scriptura,
1033 1332 1159 1391 Mariam

243 1429 363 1491 semper
390 1412 541 1470 mansisse
573 1414 744 1493 virginem,
777 1414 869 1494 igitur
899 1413 1024 1476 donec
1046 1413 1159 1476 ibidem

242 1514 300 1556 non
332 1493 407 1553 dicit
435 1498 751 1572 consummationem,
785 1497 867 1574 quod
896 1498 944 1557 hic
972 1518 1034 1559 non
1056 1504 1161 1579 potest

241 1581 349 1640 lacere.

321 1662 419 1721 Porro
438 1660 482 1721 'dc
500 1661 668 1722 rationibus
686 1663 773 1721 ‘meis
796 1665 895 1743 gratia
916 1662 1073 1725 brevitatis
1093 1664 1159 1724 bon

242 1765 354 1807 moror.
391 1742 452 1803 aed
476 1744 557 1823 quod
579 1745 661 1823 dicit,
683 1763 733 1805 me
755 1754 870 1805 certum
891 1746 1002 1808 fecisse
1016 1766 1056 1808 ex
1070 1745 1160 1806 dictis

243 1831 314 1906 suis,
338 1824 423 1908 qnod
446 1829 567 1887 animae
589 1828 739 1908 suffragiis
754 1830 921 1890 viventium
944 1830 1092 1891 liberatae
1107 1831 1161 1888 mi-

241 1933 295 1972 nus
318 1912 473 1989 beentur,
507 1910 585 1971 male
624 1912 696 1972 mibi
723 1913 870 1991 imponit,
903 1932 961 1973 nec
983 1916 1062 1974 enim
1086 1913 1159 1971 mihi

241 1996 362 2057 somnia
382 1992 476 2073 lingo.
521 1994 702 2075 Reperietnr
722 1996 804 2055 enirn
832 1998 863 2055 in
893 1995 1042 2057 dilutione
1065 1994 1159 2055 adnc·

241 2081 391 2139 tabanum
413 2095 564 2154 mearum,
588 2078 724 2137 noluisse
745 2078 925 2140 Pascbalem
950 2100 1004 2140 sna
1026 2079 1084 2140 sibi
1105 2080 1160 2137 mi-

242 2164 289 2221 nui
313 2161 463 2243 praemia,
485 2159 556 2219 ideo
581 2162 726 2221 maluisse
747 2162 864 2241 ardere,
889 2163 943 2223 sed
965 2165 1060 2223 missa
1081 2163 1159 2221 baec

240 2245 329 2317 facio,
352 2250 384 2304 et
403 2242 554 2303 iudicibus
577 2245 754 2305 committo?

321 2327 440 2402 Porro,
462 2346 524 2387 non
547 2346 649 2408 nego,
671 2329 743 2408 quin
772 2330 802 2388 in
826 2328 1071 2390 tribulationibus
1092 2328 1159 2407 quis

242 2411 342 2471 laudet
355 2411 465 2486 Deum,
488 2410 542 2485 sed
564 2406 625 2470 boc
647 2411 716 2475 loco
739 2413 837 2492 accipi
859 2431 922 2473 non
936 2417 1051 2494 potest,
1076 2411 1158 2490 quod

243 2497 321 2555 etin
344 2494 437 2554 coelo
461 2502 584 2554 cantare
605 2513 660 2554 eos
681 2494 771 2574 dicit,
800 2502 832 2555 et
860 2496 899 2556 ab
928 2497 987 2556 illis
1010 2496 1158 2557 absterse-

241 2579 278 2637 rit
296 2578 380 2637 Deus
403 2596 527 2660 omnpm
550 2577 706 2653 lacrimam
730 2586 787 2641 etc.
810 2578 899 2639 Unde
921 2581 1016 2660 liquet
1039 2579 1158 2654 lectori,

244 2659 397 2739 quomodo
421 2661 602 2720 sententiam
626 2681 726 2721 meam
747 2662 891 2726 invertat.
925 2661 1014 2723 Unde
1037 2662 1158 2721 animae

243 2743 473 2824 inpurgatorio
497 2749 637 2822 cantant,
673 2746 840 2805 secundum
862 2745 1051 2820 iohannem,
1081 2745 1158 2822 Deo,
1230 2761 1237 2773 ·

245 2835 273 2886 et
290 2846 409 2907 quaero
432 2845 566 2906 causam,
587 2827 730 2907 explicet,
753 2831 811 2889 nisi
822 2829 1009 2890 certitudinis
1022 2827 1160 2908 gloriae3

245 2929 334 2989 quare
356 2910 519 2973 falsissime
542 2913 790 2988 comminiscitur,
813 2911 896 2991 quod
918 2920 1025 2972 contra
1048 2929 1097 2970 me
1115 2910 1158 2990 ip-

245 3014 304 3054 sum
327 2993 448 3072 loquar.
471 2991 560 3054 Unde
581 3015 643 3056 non
667 3015 759 3076 nego,
781 2995 881 3057 bonos
902 2996 1027 3076 gloriari
1051 2994 1082 3054 in
1110 2994 1158 3054 tri·

244 3076 457 3151 halationibus,
479 3082 511 3137 et
531 3085 669 3158 cantare,
698 3079 751 3138 sed
775 3081 885 3159 negaui
907 3079 989 3139 illam
1012 3077 1159 3159 glossam,

245 3178 328 3238 quam
352 3161 421 3240 ipse
442 3158 546 3238 finxit,
579 3162 662 3240 quod
690 3167 815 3224 cantare
830 3164 882 3238 sit
902 3164 933 3223 in
957 3159 1156 3224 tribulationi·

245 3241 294 3302 bus
321 3243 414 3304 deum
445 3241 588 3322 laudare,
621 3246 759 3335 aliopnin
787 3245 889 3326 angeli
918 3264 980 3307 non
1012 3250 1159 3306 canerent

245 3325 305 3387 Dec
328 3333 362 3386 et
384 3325 478 3389 beati.

321 3407 415 3486 Quod
443 3428 577 3470 errorem
599 3413 842 3489 patentissimum
876 3409 1041 3472 defendere
1067 3429 1160 3472 cona-

243 3500 306 3572 tur,
343 3493 465 3554 scilicet
485 3493 602 3554 animas
625 3493 758 3555 dormire
780 3515 890 3564 somno
912 3497 1018 3574 pacis,
1041 3493 1159 3555 scilicet

243 3576 341 3656 quoad
364 3595 478 3656 corpus
501 3583 574 3652 etc,
596 3580 741 3655 quoniam
763 3580 867 3640 anima
888 3586 1030 3658 separata
1051 3597 1070 3638 a
1093 3595 1158 3638 cor·-

243 3678 314 3738 pore
337 3679 402 3722 non
422 3658 544 3720 laborat
563 3661 594 3719 in
622 3679 752 3740 corpore
774 3663 865 3722 variis
890 3662 1059 3722 molestiis:
1088 3659 1159 3721 vide

244 3743 401 3821 vaffitiem,
423 3743 475 3821 qui
497 3761 565 3802 cum
587 3743 737 3806 solvendo
759 3743 799 3804 ad
821 3764 931 3824 corpus
953 3744 1107 3806 retulisset
1128 3746 1158 3827 in

243 3826 382 3906 sepulcro
406 3827 620 3907 quiescentes,
650 3829 711 3888 iarn
740 3847 775 3890 se
798 3828 939 3889 transfert
962 3828 1002 3889 ad
1024 3829 1157 3908 quietem
1231 3841 1238 3853 “

242 3921 359 3981 animae
383 3936 403 3977 a
430 3916 587 3980 laboribus
613 3919 764 3996 corporis.
806 3911 866 3982 Sed
895 3914 971 3976 heus
999 3913 1080 3974 bone
1102 3916 1159 3990 vir,

243 4010 286 4064 est
305 4003 368 4063 hoc
384 4001 543 4079 quiescere
565 4018 584 4058 a
608 3999 772 4078 laboribus,
795 4000 866 4080 quia
878 4001 1022 4062 videlicet
1042 4016 1104 4057 non
1125 3999 1156 4055 in

244 4110 370 4171 corpore
391 4082 551 4149 molestias
572 4089 724 4166 patiatur,
751 4095 856 4150 tamen
877 4084 1157 4165 incomparabiliter
