3075 4775
335 560 398 627 364
583 562 678 619 Rosci.
701 562 731 619 L.
749 578 834 633 super
852 564 1045 633 Propositione

335 750 366 809 in
389 748 464 810 urbe
485 750 731 829 inquinatissima
754 758 786 811 et
808 752 1054 833 corruptissima,
1088 756 1119 809 et
1141 751 1260 831 agenti-

336 832 392 893 bus
413 833 601 913 impiissimis
625 833 850 913 adulatoribus,
888 834 926 893 de
955 836 1029 913 ipsis
1060 832 1135 893 nihil
1167 834 1260 893 liceat

335 914 385 976 vel
408 918 525 992 mutire,
548 918 607 977 nisi
629 917 711 995 quod
728 924 871 996 portenta
893 919 952 977 ista
966 916 1080 993 laudet,
1103 915 1259 991 laetificet,

334 998 495 1078 glorificet.
536 998 614 1074 Quid
638 1002 757 1076 mirum,
780 1002 804 1059 si
828 1000 883 1060 sub
907 999 1074 1060 venerabili
1096 998 1260 1059 Romanae

336 1082 488 1143 ecclesiae
510 1085 635 1142 nornine
666 1090 712 1143 tot
733 1083 814 1142 mala
836 1083 1052 1143 inundaverint
1078 1084 1108 1141 in
1133 1102 1257 1141 omnem

336 1165 498 1225 ecclesiam
521 1166 615 1246 pleno
637 1167 764 1246 impetu,
788 1176 819 1225 et
842 1167 1016 1246 praecipiti,
1049 1164 1138 1246 cuil)
1164 1185 1258 1225 nemo

335 1249 478 1308 resistere
500 1250 607 1327 possit,
629 1250 757 1329 gurgite.

417 1331 558 1410 Denique
594 1350 631 1391 eo
665 1331 791 1392 devenit
825 1332 926 1412 legum
956 1332 1165 1392 Romanarum
1197 1339 1259 1391 stu-

336 1412 418 1473 dium
447 1422 477 1473 et
499 1414 660 1495 Evangelii
683 1414 859 1495 neglectus,
892 1422 925 1474 ut
947 1434 1075 1475 necesse
1095 1412 1260 1475 habuerint

335 1504 471 1557 statuere
502 1499 532 1555 in
570 1498 702 1557 concilio
734 1498 921 1575 novissime,
955 1499 1088 1557 animam
1121 1497 1256 1557 hominis

336 1598 405 1639 esse
426 1579 640 1641 immortalem.
685 1580 782 1655 Quid,
813 1587 921 1661 putas,
951 1581 1012 1641 hoc
1033 1580 1190 1640 decretum
1213 1581 1258 1639 in-

336 1661 439 1721 dicat?

418 1744 534 1824 Itaque,
564 1746 774 1825 unusquisque
796 1748 826 1806 in
860 1766 915 1806 suo
945 1745 1076 1818 sensu2)
1111 1745 1258 1820 abundet,

336 1828 408 1888 mihi
431 1828 631 1888 Decretorum
655 1835 778 1889 autores
801 1836 888 1907 sunt,
922 1829 1090 1909 Gregorius
1113 1828 1170 1910 IX,
1199 1829 1258 1887 Bo-

335 1911 464 1971 uilacius
486 1912 565 1986 Vlll,
587 1911 730 1972 Clemens
747 1912 775 1969 V
810 1918 841 1972 et
862 1912 1136 1991 Extravagantiurn
1159 1913 1259 1990 ponti-

335 1992 419 2054 fices.
462 1993 552 2069 Quod
575 1995 623 2055 his
649 1995 821 2075 agentibus,
850 1996 879 2055 in
904 1994 1059 2074 publicum
1093 2013 1201 2073 sparsa
1228 2002 1260 2053 et

336 2083 502 2158 praecepta
524 2085 611 2156 sunt,
641 2084 672 2138 st
693 2079 798 2138 omnia
821 2077 964 2139 stabilita.
1008 2077 1095 2152 Quae
1116 2077 1261 2137 siinstar

334 2160 532 2237 epistolarum
557 2160 716 2241 Gregorii,
742 2154 930 2241 Augustini,
946 2161 1141 2240 Hieronymi,
1165 2160 1259 2219 Bern-

334 2241 431 2319 hardi,
455 2249 486 2302 et
509 2243 649 2322 aliorum,
670 2244 720 2305 vel
742 2246 773 2303 iu
795 2243 1002 2322 bibliothecis,
1025 2244 1075 2303 vel
1097 2244 1187 2319 arcis,
1202 2261 1260 2322 pro

334 2323 481 2405 cuiusque
502 2326 627 2387 arbitrio
650 2325 859 2402 consulenda,
894 2328 970 2388 citra
992 2324 1086 2387 ullum
1109 2344 1259 2406 praecep-

335 2414 398 2466 tum
431 2410 539 2470 relicta
560 2409 702 2488 luissent,
733 2411 853 2471 felicior
879 2417 962 2471 esset
984 2411 1125 2470 ecclesis.
1169 2409 1260 2470 Nunc

335 2509 429 2568 vero,
458 2492 583 2571 quando
606 2495 733 2553 summis
755 2493 891 2554 articulis
914 2493 986 2553 tidei
1007 2499 1194 2571 aequantur,
1218 2492 1258 2552 ab

335 2573 545 2635 adulatoribus
568 2584 670 2637 autem
693 2584 724 2636 et
741 2577 962 2656 praeferuntur,
984 2576 1114 2636 fructum
1136 2575 1257 2634 illarum

334 2655 497 2734 habemus,
521 2659 636 2720 ordinis
661 2659 863 2720 ecclesiastici
886 2660 1116 2735 confusionem,
1139 2659 1258 2718 consci-

334 2740 482 2800 entiarum
507 2740 676 2802 horrendas
695 2741 908 2822 carnificinas,
930 2741 1090 2822 Evangelii
1113 2743 1258 2820 ignoran-

334 2823 425 2898 tiam,
455 2823 604 2884 scclerum
628 2826 893 2904 impunitissimam
917 2826 1091 2902 licentiam,
1118 2823 1259 2884 adulato-

334 2925 399 2965 rum
414 2906 656 2968 Romancnsium
680 2906 905 2968 odiosissimam
931 2907 1134 2988 tyrannidem,
1157 2906 1260 2967 donec

327 2987 365 3061 ‚id
388 2991 571 3067 meruerint,
600 2998 633 3050 ut
661 2991 716 3050 sub
746 2998 835 3050 vasto
865 2992 954 3052 coelo
984 3009 1047 3050 non
1076 2992 1116 3050 sit
1143 3009 1258 3050 nomen

335 3070 473 3132 odiosius
502 3083 534 3132 et
553 3073 784 3153 graveolentius
813 3075 939 3134 nornine
961 3072 1121 3133 Romanae
1144 3074 1258 3133 euriae.

379 3163 385 3171 '
418 3155 466 3214 Ex
488 3155 534 3215 his
557 3155 650 3217 credo
663 3157 803 3237 intelligi,
826 3176 958 3217 menon
981 3157 1075 3216 fuisse
1097 3162 1159 3216 tam
1178 3174 1260 3216 cras-

336 3256 389 3297 sae
406 3238 615 3318 ignorantiae,
649 3246 683 3299 ut
709 3241 859 3300 nescirem
890 3240 984 3320 longe
1013 3246 1085 3299 ante
1117 3238 1259 3317 quadrin-

336 3328 446 3398 gentos
468 3341 567 3382 annos
580 3322 713 3383 Decreta
734 3323 868 3383 Romani
890 3322 1044 3403 pontilicis
1066 3328 1149 3382 nata.
1171 3322 1257 3384 Alio·

336 3405 407 3480 quin
431 3405 588 3482 quomodo
610 3412 711 3466 certos
734 3405 976 3485 quadringentos
1000 3423 1117 3482 annos,
1141 3408 1172 3465 et
1194 3425 1258 3465 non

335 3485 403 3564 plus
436 3489 607 3548 autminus
630 3489 800 3570 potuissem
822 3489 971 3549 recitare?
1002 3486 1159 3566 quomodo
1182 3487 1258 3548 iudi-

336 3585 416 3645 care,
450 3570 533 3646 quod
555 3579 660 3632 esseut
681 3571 896 3652 frigidissima?
926 3570 1083 3650 quomodo
1111 3570 1258 3632 historias

336 3650 493 3730 allegare?
529 3654 685 3732 quomodo
714 3663 831 3715 textum
862 3654 1036 3734 Scripturae
1070 3654 1257 3714 contrarium

336 3734 495 3794 asserere?
523 3737 581 3796 nisi
609 3737 843 3817 diligentissime
871 3739 976 3797 omnia
1002 3735 1204 3815 pervidissem
1227 3745 1259 3796 st

336 3817 555 3877 contulissem?
597 3819 645 3878 Ex
675 3821 721 3880 his
750 3813 869 3880 indiciis
903 3820 985 3880 volui
1016 3825 1125 3906 pasuto
1149 3819 1258 3880 lectori

336 3899 540 3971 satisfactum,
579 3908 611 3959 ut
645 3923 692 3961 me
728 3923 789 3963 non
820 3904 886 3962 sine
918 3922 1010 3962 causa
1042 3903 1086 3962 sic
1114 3905 1258 3982 posuisse

411 4069 487 4132 l)1n
508 4067 571 4120 edit.
592 4071 697 4137 priore:
717 4078 744 4123 et
763 4073 816 4126 cui.
853 4071 882 4133 2)
902 4071 1023 4124 Ibidem:
1043 4074 1071 4124 in
1092 4088 1176 4125 seusu
1196 4089 1257 4128 suo.
