3075 4775
576 596 592 632 a
611 547 732 635 fiolariis
750 588 875 651 excepta.
1111 580 1175 650 213

248 775 358 834 crucis.
404 770 444 830 ut
464 772 496 832 in
511 770 662 832 Sermone
682 770 780 833 latino
794 770 952 833 collaudat
971 772 1085 833 dictum
1108 774 1173 835 vul·

249 858 368 938 garium
391 848 471 915 ultra
491 873 615 915 ornnem
638 854 809 915 doctrinam
820 854 989 917 Doctorum
1012 856 1174 919 scholasti·

250 960 366 1019 corum,
389 938 428 999 de
439 939 631 1019 poenitentia
642 938 763 1001 datam:
786 938 996 1017 lltimmertbua
1018 937 1061 1003 bie
1075 942 1176 1018 bibite

250 1024 345 1099 liuba.
391 1021 519 1102 Optima
550 1023 741 1103 poenitentia
776 1039 859 1082 nova
892 1023 973 1099 vita,
1006 1024 1175 1085 secundnm

250 1108 390 1189 glossam
414 1106 491 1167 eius.
536 1104 729 1166 Addiderunt
746 1106 839 1165 talem
853 1107 1085 1186 persuasionem
1107 1109 1176 1189 ipse

250 1197 281 1251 et
293 1195 521 1271 propugnator,
545 1190 622 1268 quia¹
636 1191 661 1249 si
673 1191 817 1250 averterit
839 1208 873 1250 se
895 1191 1005 1269 impius
1027 1191 1176 1251 aiustitia

251 1294 307 1335 sua
331 1279 392 1341 etc.
436 1271 467 1333 Si
491 1271 530 1332 ad
553 1292 665 1333 novam
689 1291 822 1355 poenam
848 1273 994 1353 imputat,
1017 1273 1175 1352 quomodo

252 1358 367 1419 dicitur
390 1374 453 1415 non
474 1354 639 1430 recordari,
664 1364 695 1416 et
715 1362 800 1436 patet
810 1356 976 1417 Conclusio
1000 1376 1057 1416 sua
1078 1358 1173 1429 mani-

251 1443 330 1501 feste
355 1440 474 1517 dicens,
497 1458 626 1519 peccare
649 1434 927 1519 sacerdotem,⁸qui
949 1459 1010 1500 non
1034 1439 1178 1501 absolvat

250 1545 269 1585 a
291 1523 388 1605 culpa
410 1530 442 1582 et
462 1541 574 1601 poena.
598 1522 676 1583 Huic
698 1524 794 1583 errori
810 1542 870 1603 ego
885 1522 1057 1584 contradixi
1079 1522 1107 1585 S.
1121 1522 1175 1583 Pa·
1290 1559 1295 1563 ·

253 1614 332 1668 trum
356 1605 590 1679 autoritatibus,
624 1605 731 1685 quibus
761 1608 830 1686 ipse
851 1606 949 1666 voluit
969 1605 1113 1689 illudere,
1141 1612 1177 1666 'et

251 1690 415 1751 auditores
439 1688 606 1767 fascinare,
637 1691 723 1769 quasi
752 1689 833 1769 apud
864 1708 933 1749 eum
962 1689 1063 1750 solum
1092 1696 1176 1752 esset

250 1780 393 1854 potestas
415 1773 636 1852 interpretandi
660 1793 779 1833 sacram
803 1771 999 1852 scripturam.

334 1855 426 1917 Unde
456 1855 535 1915 bene
571 1856 685 1916 adduxi
716 1863 824 1916 contra
855 1876 924 1914 eum
954 1856 1175 1936 Augustinum:

250 1940 321 2001 Non
346 1938 460 2000 sufficit
482 1958 583 1999 mores
605 1940 635 1999 in
657 1940 968 1999 meliuscommutsre
991 1946 1022 1998 et
1043 1958 1062 1998 a
1083 1938 1173 1998 malis

251 2025 339 2084 factis
362 2021 509 2083 recedere
535 2030 593 2089 etc.
636 2022 696 2083 Ubi
720 2029 767 2083 est
788 2021 1175 2101 liquidissimum„doctri-
1235 2043 1238 2048 ’

252 2128 321 2166 nam
346 2126 386 2166 ex
408 2105 556 2167 Sermone
578 2106 744 2187 allegatam
767 2126 837 2166 esse
858 2105 977 2182 falsam,
1000 2107 1072 2185 quia
1093 2124 1176 2165 nova

251 2191 314 2250 rita
336 2209 399 2250 non
423 2196 470 2249 est
492 2190 607 2268 optima
629 2190 836 2269 poenitentia,
866 2208 934 2249 curn
958 2208 1021 2249 non
1044 2188 1176 2249 sufficiat

251 2273 418 2334 secundnm
436 2272 648 2353 Augustinum.
692 2273 732 2331 nt
753 2272 832 2332 bene
856 2274 947 2331 etiam
972 2272 1111 2333 doctrina
1122 2271 1176 2331 illa

251 2355 441 2438 improbatur
462 2374 517 2436 per
538 2356 572 2416 B.
597 2355 809 2433 Ambrosium,
831 2355 882 2415 lib.
905 2359 934 2421 2.
958 2355 996 2417 de
1018 2356 1175 2436 poeniten.
1222 2354 1228 2374 ¹

251 2459 316 2521 cap.
341 2446 377 2504 5:
400 2439 546 2520 Apostoli
566 2440 734 2500 secundum
758 2440 870 2499 Christi
891 2440 1100 2520 magisterium
1123 2438 1175 2498 do·

251 2530 380 2583 suerunt
413 2524 646 2602 poenitentiam.
696 2523 736 2583 Et
770 2523 864 2583 infra:
898 2522 957 2597 Qui
994 2523 1074 2582 enim
1111 2521 1175 2602 agit

252 2607 491 2687 poenitentiam,
515 2625 577 2666 non
601 2606 700 2666 solum
717 2605 833 2666 diluere
845 2605 937 2665 debet
951 2605 1084 2664 lacrimis
1106 2623 1177 2684 pec-

251 2697 352 2750 catum
370 2707 480 2767 suurn,¹
491 2689 545 2749 sed
559 2691 651 2749 etiam
668 2687 927 2749 emendatioribus
944 2688 1032 2748 factis
1055 2687 1176 2766 operire

252 2781 281 2833 et
309 2781 416 2853 tegere
437 2779 566 2852 peccata
589 2793 653 2835 sua.
700 2772 877 2833 Clarissima
899 2770 929 2831 S.
951 2771 1049 2830 Patris
1072 2769 1177 2846 verba,

252 2856 333 2935 quod
345 2853 605 2916 emendatioribus
613 2856 701 2915 factis
710 2855 832 2935 agendo
840 2854 1061 2936 poenitentiam
1070 2859 1176 2932 tegere

252 2940 399 3001 debemus
421 2945 558 3018 peccata.

335 3023 378 3082 At
400 3039 468 3081 cum
492 3022 671 3083 autoritates
684 3021 786 3082 forent
797 3019 1059 3099 expressissimae,
1074 3017 1175 3077 Deum

253 3126 312 3166 non
336 3106 492 3166 remittere
512 3111 672 3185 peccatum
694 3105 888 3183 impunitum,
910 3102 1050 3182 confugit
1072 3100 1111 3161 ad
1125 3101 1177 3159 mi·
1225 3170 1230 3178 ὁ

253 3189 379 3250 rabilem
403 3208 571 3268 poenarum
594 3187 842 3258 distinctionem,
872 3187 922 3265 qui
942 3191 1045 3246 tamen
1068 3184 1177 3244 solitus

253 3280 308 3348 est,
332 3271 546 3332 Scholasticos
570 3271 609 3331 ob
627 3270 860 3330 distinctionum
883 3289 970 3328 usum
992 3266 1179 3348 improbare,

254 3364 283 3416 et
304 3355 399 3429 dixit,
422 3374 571 3433 poenam,
602 3371 663 3432 qua
685 3353 767 3413 Deus
790 3353 854 3412 vult
876 3358 1036 3432 peccatum
1060 3352 1179 3430 punire,
1236 3413 1241 3422 ,

253 3459 314 3499 non
353 3457 447 3518 posse
480 3437 590 3497 auferri
614 3457 670 3516 per
703 3436 860 3496 hominem
894 3435 946 3494 vel
978 3454 1035 3514 per
1055 3453 1180 3515 papam,

254 3521 338 3601 quod
363 3527 411 3580 est
433 3521 570 3580 omnium
583 3519 790 3596 falsissimum,
813 3525 845 3578 et
860 3518 1023 3597 potestatis
1046 3516 1179 3578 clavium

253 3604 487 3665 annullalivum.
529 3602 607 3663 Nam
638 3603 884 3682 inpoenitentia
910 3601 991 3660 facta
1013 3608 1179 3660 commuta·

254 3690 338 3748 tione
360 3705 484 3768 poenae
506 3693 588 3746 certe
610 3687 704 3746 homo
727 3692 832 3765 potest
853 3684 975 3744 solvere
995 3684 1080 3743 illam
1104 3702 1180 3764 poe·

255 3791 335 3852 nam,
354 3790 410 3850 per
432 3771 530 3850 ipsum
547 3769 744 3848 Apostolum,
765 3788 822 3849 per
844 3767 1043 3827 reverendum
1057 3767 1179 3827 Patrem

254 3854 422 3928 inductum,
447 3857 474 3915 1.
491 3853 559 3917 Cor.
573 3856 627 3914 ll:
651 3851 681 3913 si
705 3852 859 3930 nosipsos
881 3850 1093 3918 indicaremus,
1117 3867 1178 3908 non

255 3939 361 4016 utique
393 3935 599 3996 iudicaremur
630 3935 818 3998 aDomino.
863 3933 965 4008 Quare
995 3934 1020 3992 si
1042 3951 1099 3992 nos
1121 3948 1180 4012 pro

253 4021 311 4080 hac
333 4039 438 4099 poena
460 4019 681 4094 satisfacimus,
715 4019 798 4077 Deus
821 4037 876 4097 pro
898 4023 1027 4097 peccato
1050 4035 1069 4074 a
1089 4013 1180 4073 nobis
1237 4033 1256 4046 ⁴

255 4104 347 4165 aliam
372 4121 435 4163 non
459 4102 571 4184 exigit,
600 4101 716 4180 alioqui
738 4107 847 4162 contra
867 4098 1067 4179 prophetam,
1102 4094 1178 4154 illud
