3075 4775
441 517 460 526 ”
553 550 572 589 a
587 535 711 593 somus
729 540 854 606 excepta
1124 535 1167 602 47

243 720 401 800 expianat.
445 723 526 784 Dum
547 742 620 785 vero
644 724 781 784 omnium
804 721 858 784 dat
878 722 953 782 mibi
973 722 1168 785 aaoerdotem

245 803 410 884 Christum,
431 807 531 886 primo
555 806 701 887 Cypriani
723 809 925 868 attentionem
943 804 974 882 1)
1000 827 1062 868 non
1084 827 1168 868 asse·

244 890 360 967 quitur,
389 907 449 950 nee
478 889 680 970 Hieronymi,
711 891 857 969 quoniam
886 890 1008 950 Petrum
1036 892 1166 970 primum
1235 931 1238 934 -

243 971 459 1051 apostolorum
488 974 685 1034 eonstitutum
714 973 842 1049 volunt,
870 972 952 1033 uode
979 974 1165 1053 reliquorum

244 1054 440 1116 sacerdotum
469 1063 606 1136 potestas
632 1056 761 1134 defluat,
796 1074 859 1116 non
889 1056 1013 1134 quidem
1041 1058 1167 1117 interius

244 1135 446 1217 eonferendd,
469 1138 551 1218 quod
559 1138 671 1200 Christi
693 1145 740 1206 est
761 1139 847 1199 velut
867 1140 987 1220 eapitis,
1009 1140 1063 1200 sed
1081 1147 1166 1219 pote-

243 1228 354 1282 statem
378 1222 621 1290 ecelesiasticam
643 1222 910 1284 eommunioando.

328 1303 480 1385 Septimo,
501 1304 585 1384 quod
607 1306 761 1368 desiderat
780 1305 951 1368 Eeoianam
974 1305 1168 1382 modestiam,

244 1385 384 1450 Graeooe
412 1397 449 1474 et
472 1387 645 1452 Orientales
674 1408 730 1470 pro
759 1388 943 1450 damnandis
970 1389 1167 1467 iudieautem,

243 1471 436 1551 respondeo:
459 1470 596 1534 Graeoos
612 1474 707 1554 longo
722 1479 863 1552 tempore
875 1491 938 1533 non
951 1472 1052 1532 solum
1074 1473 1167 1532 tuisse
1264 1511 1270 1532 ι

243 1554 473 1634 sehismatiaos,
501 1555 557 1616 sed
583 1556 861 1633 haeretioissimos,
896 1563 930 1615 ut
957 1563 1003 1616 tot
1030 1574 1166 1616 errorum

244 1639 386 1698 oumnlus
409 1645 442 1700 et
461 1640 608 1719 pervioarr
630 1639 803 1700 obstinaeia
827 1645 957 1698 testatur
982 1639 1167 1700 Clementin.

244 1719 282 1781 de
305 1741 384 1783 sum.
407 1722 500 1800 Trin,
525 1729 557 1782 ut
578 1722 617 1782 de
639 1722 746 1802 spiritu
762 1731 881 1799 saneto,
903 1720 943 1781 de
961 1723 1168 1800 confessione,

245 1803 283 1864 de
297 1806 390 1864 trium
404 1805 673 1886 Evangelistarum
689 1805 833 1882 salsitate,
855 1814 887 1865 et
898 1806 1067 1865 innumeris
1088 1805 1167 1881 aliis,

244 1889 385 1968 quamvis
407 1907 502 1969 saepe
523 1887 627 1950 flotam
648 1889 777 1949 iecerint
802 1889 893 1950 Rom.
913 1888 1074 1949 Hoelesiae
1096 1885 1169 1949 obe·

242 1972 403 2048 dientiem‚
426 1973 509 2032 utin
532 1972 664 2034 oouoilio
687 1973 866 2033 Florentino
878 1971 1010 2052 Hugeoii
1018 1972 1071 2032 IV.
1094 1980 1169 2032 tem·

244 2053 370 2135 poribus
394 2054 507 2115 factum
525 2063 581 2116 est.
610 2055 713 2130 Quare
741 2057 767 2116 ei
788 2056 880 2135 pauoi
902 2055 1065 2116 Christ-iani
1086 2053 1168 2135 apud

153 2215 154 2224 ἵ
245 2156 300 2198 nos
323 2137 494 2200 multorum
516 2139 670 2200 sententia
691 2139 806 2199 salvari
826 2137 950 2216 debent,
973 2145 1089 2218 quanto
1107 2158 1169 2198 ma·

244 2222 289 2302 gis
318 2221 497 2302 paucissimi
528 2229 581 2282 aut
607 2222 683 2283 nulli
709 2223 740 2282 in
762 2222 874 2283 Tureia
900 2222 1078 2301 salvantur,
1109 2222 1168 2282 nisi

244 2303 381 2387 religiosi
411 2304 520 2385 aliqui,
555 2312 586 2367 et
610 2307 654 2367 eis
676 2305 894 2381 adhaerentes,
917 2306 969 2384 qui
990 2306 1189 2366 Romanam*

244 2396 351 2455 tenent
373 2388 591 2453 obedientiam.

325 2473 374 2533 De
396 2480 520 2552 octavo,
540 2480 632 2555 rogat
652 2472 842 2535 reverendus
862 2472 969 2549 Pater,
991 2478 1024 2532 ut
1043 2479 1168 2533 autores

244 2555 377 2637 allegem
407 2554 576 2617 seeundum
597 2558 835 2633 commendam,
864 2556 896 2615 in
918 2574 979 2634 quo
1002 2554 1078 2615 nihil
1097 2555 1168 2615 hae·

244 2641 323 2699 sitet.
368 2638 510 2719 Vellem,
540 2639 623 2720 quod
653 2658 708 2701 eos
730 2639 884 2701 addueere
907 2657 1048 2719 possem,
1075 2639 1166 2697 etiam

244 2721 414 2783 seeundum
445 2724 614 2787 seientiam.
657 2724 700 2784 At
732 2723 954 2802 Hieronymum
996 2740 1169 2802 agnoscere

244 2805 413 2867 Damasum
442 2807 526 2867 velut
552 2823 704 2868 summum
731 2806 932 2883 Pontificem,
960 2804 1038 2864 nulii
1065 2810 1170 2882 potest

245 2908 312 2951 esse
341 2888 477 2951 dubium.
526 2890 578 2952 Sio
609 2909 736 2970 quoque
767 2890 930 2950 ecelesiam
963 2886 1167 2947 universalem

245 2992 313 3034 esse
342 2972 501 3033 fundatam
534 2994 627 3055 supra
652 2982 773 3054 petram
806 2990 898 3033 nemo
926 2968 1063 3050 ambigit.
1106 2968 1168 3029 Sed

245 3064 363 3135 petrem
386 3056 472 3117 illam
495 3076 564 3118 esse
585 3058 707 3118 Petrum
731 3065 761 3119 et
783 3057 1083 3132 eius'suooessores,
1104 3053 1168 3113 alio

246 3146 386 3220 tempore
408 3138 558 3219 probabo.
1142 3182 1148 3188 ·

316 3222 451 3303 Sugillat
472 3229 576 3285 tamen
598 3222 736 3285 nonnihil
758 3223 906 3301 Hierony.
928 3239 998 3294 cum
1020 3218 1167 3281 dixisset:
1201 3242 1205 3247 ·

245 3306 337 3387 Apud
360 3324 420 3367 vos
442 3306 527 3367 solos
549 3309 726 3387 inoorrupta
747 3308 849 3387 prima
875 3306 1002 3365 omnino
1030 3310 1170 3364 servatur

245 3391 411 3468 autoritae3
432 3392 520 3469 quasi
542 3398 573 3451 et
593 3390 684 3452 Rom.
696 3389 863 3451 Pontitioes
883 3406 947 3449 non
970 3388 1082 3447 tuerint
1102 3388 1170 3447 sine

245 3492 356 3535 naevo.
401 3473 432 3535 Si
454 3472 494 3534 ad
523 3481 643 3555 tempus
672 3474 853 3554 Hieronymi
891 3472 999 3549 refert,
1031 3470 1169 3531 Liberius

240 3564 275 3617 et
295 3556 481 3619 Anastasius
502 3568 570 3619 euni
593 3562 836 3639 praecesserunt.
880 3555 948 3616 Hoo
968 3554 1054 3633 dieo,
1085 3552 1168 3632 quod

247 3643 353 3703 merito
377 3642 409 3700 in
433 3642 586 3703 mentibus
612 3640 746 3703 fidelium
777 3647 826 3701 est
846 3638 1073 3717 admirandum,
1102 3638 1168 3697 nul-

247 3722 305 3785 lum
327 3724 419 3788 Rom.
442 3723 638 3804 Pontificem,
668 3732 939 3805 quantumcunque
960 3724 1089 3800 malum,
1119 3722 1170 3781 vet
1245 3789 1249 3798 ι

247 3816 400 3871 errantem
425 3808 603 3871 definivisse
631 3810 829 3892 iudioialiter‚
864 3815 896 3869 et
922 3809 1168 3882 exoonstituto,

295 3998 329 4065 1)
352 3998 491 4051 Loeseher
514 3996 544 4047 in
563 3993 623 4047 Aet.
642 3994 764 4047 Reform.
790 3992 853 4071 (ΙΙΙ,
873 3993 937 4060 348)
961 3993 1005 4044 hie
1025 3994 1104 4043 affert
1130 3955 1166 4040 ex

247 4070 304 4123 eod.
324 4070 403 4123 180:
425 4068 670 4122 intentionem.
