3075 4775
324 535 389 604 442
589 543 634 596 lv.
671 543 778 598 Goneio
797 543 830 598 b.
849 545 882 597 it.
901 543 982 598 Lm.
1001 550 1010 568 ·“

326 726 365 785 tis
394 741 463 787 esse
495 734 603 806 putent
630 732 799 811 sumpsisse
830 739 1072 804 ssersmeutum,
1095 737 1251 790 'osterum'

325 826 455 889 operum
478 813 613 873 oerimtis
634 813 748 874 nulium
771 833 897 894 prorsus
919 821 1015 895 egent
1033 831 1149 874 eurum.

408 911 543 972 Necesse
576 925 635 977 est
672 922 706 974 ut
733 933 859 995 prorsus
887 913 1072 992 immuteris
1105 921 1135 973 et
1158 915 1249 996 signs

326 991 460 1056 mutatae
493 999 575 1056 vitae
608 998 638 1056 in
661 997 834 1057 actionibus
864 1004 893 1057 et
915 997 1050 1057 moribus
1074 999 1135 1056 tuis
1158 995 1246 1056 edas

324 1075 358 1136 ld
382 1080 462 1138 enim
487 1081 511 1138 si
534 1079 596 1157 fiet,
620 1087 733 1140 eertum
763 1088 811 1141 est
831 1087 1058 1178 argumentum
1082 1081 1180 1140 Deum
1204 1087 1246 1140 te-

324 1179 392 1220 uum
416 1180 501 1238 esse,
537 1169 567 1221 et
600 1162 798 1223 confirmatur
826 1165 870 1224 sie
898 1163 974 1223 fides
998 1171 1049 1223 ιιι
1079 1183 1115 1223 ιιι
1137 1181 1247 1224 secura

323 1243 468 1306 redditur.
513 1245 580 1305 Hoc
603 1248 683 1306 enim
708 1254 793 1308 oerto
818 1248 960 1325 sentitur,
983 1267 1055 1306 num
1078 1265 1096 1306 ι
1120 1253 1245 1326 sumpto

324 1335 517 1389 sacramento
541 1330 686 1409 quietior,
715 1341 746 1390 et
767 1329 972 1390 confidentior
1001 1349 1124 1410 qnoque
1145 1329 1246 1389 foetus

324 1412 363 1470 sit
385 1413 513 1472 enimus.
557 1412 635 1472 Num
658 1421 750 1473 untes
773 1433 863 1492 quem
886 1415 1016 1493 primum
1040 1411 1160 1473 subibat
1179 1415 1245 1472 oni-

324 1513 404 1554 mum
426 1496 475 1554 vel
497 1497 604 1555 mortis
628 1497 676 1555 vel
698 1503 897 1577 pennatorum
921 1497 1031 1572 faoies,
1054 1504 1116 1556 tum
1139 1497 1244 1556 statim

322 1580 443 1638 territus
466 1579 596 1655 suimus,
618 1598 680 1658 quo
703 1599 737 1640 se
757 1586 900 1659 verteret,
924 1580 1090 1641 nesoiebat.

404 1678 467 1738 Eos
491 1685 633 1752 terrores,
656 1681 681 1739 si
704 1699 766 1741 uon
790 1679 921 1768 emplius
945 1687 1014 1740 sent
1014 1681 1070 1756 ies,
1092 1699 1132 1739 ne
1153 1683 1245 1760 putes

321 1760 352 1821 id
376 1761 517 1822 occidere
540 1769 595 1824 tue
610 1727 787 1842 qimdom
757 1784 798 1843 ιι,
822 1763 921 1832 maior
943 1781 979 1824 eo
1001 1783 1049 1823 res
1073 1769 1119 1822 est
1121 1782 1245 1841 ,quam

323 1843 402 1923 quae
435 1846 576 1906 humanis
611 1855 735 1926 paretur
757 1845 880 1907 viribus.
923 1845 1031 1926 Neque
1066 1847 1146 1906 enim
1172 1857 1245 1906 unte

322 1927 383 1989 hoe
406 1928 552 2008 seculum,
576 1947 643 1989 eum
667 1931 779 1990 nostris
803 1929 909 1990 studiis
932 1936 963 1990 et
984 1929 1107 1990 satisfac
1109 1929 1245 1990 tionibus

323 2030 380 2072 nos
403 2013 658 2089 exeruoioremus,
680 2013 842 2092 pervenire
864 2032 902 2073 eo
926 2012 1014 2072 nobis
1039 2013 1132 2072 licuit.
1169 2012 1246 2073 Sen-

323 2096 369 2154 tiri
393 2104 423 2154 et
445 2095 498 2155 ills
520 2103 665 2174 possunt,
703 2115 742 2155 sn
764 2115 849 2174 eum,
890 2096 940 2174 qui
969 2105 998 2155 te
1021 2095 1159 2172 offendit,
1181 2098 1244 2156 iam

320 2195 420 2253 omes,
444 2197 482 2238 en
508 2179 779 2257 eius-miserearis,
803 2179 906 2258 quiin
928 2178 1062 2257 sliquum
1086 2179 1245 2239 salemita-

322 2267 382 2318 tem
407 2266 455 2319 est
475 2262 648 2337 eonieotus,
680 2264 754 2323 item
779 2281 850 2321 num
878 2263 998 2341 privato
1028 2263 1089 2322 vitu
1119 2263 1158 2322 sit
1188 2263 1244 2322 sli-

320 2349 435 2421 qusnto
458 2343 577 2405 reddite
599 2346 743 2409 ssuetior.

400 2442 492 2523 Quod
526 2446 550 2505 si
572 2446 647 2506 nihii
670 2448 797 2508 istorum
827 2448 959 2527 senties,
994 2448 1092 2507 oratio
1109 2444 1245 2527 ,reliqua

320 2534 376 2605 est,
399 2546 459 2607 que
481 2528 547 2589 Deo
571 2529 610 2589 de
631 2536 684 2589 tus
705 2531 830 2591 miseria
851 2532 1058 2609 conquereris,
1082 2532 1163 2589 ntis
1186 2550 1243 2591 suo

320 2609 427 2689 spiritu
449 2611 617 2673 infirmitati
640 2620 711 2673 tune
734 2613 900 2673 medentur.
943 2612 1021 2674 Nam
1045 2632 1114 2673 eum
1137 2612 1242 2673 nullus

319 2702 457 2755 nostrum
481 2697 519 2755 sit
534 2697 698 2775 perfectus,
721 2716 877 2775 nunquam
901 2715 1024 2759 cessure
1046 2696 1084 2757 ab
1101 2698 1245 2757 oratione

257 2855 260 2859 ι
319 2794 377 2839 uos
399 2780 554 2839 convenit.
598 2779 701 2858 Atque
722 2780 801 2839 hose
823 2780 862 2840 de
885 2786 1078 2839 seuremeuto
1102 2782 1244 2859 eorporis

320 2868 351 2920 et
372 2862 529 2942 sanguinis
552 2862 663 2923 Christi
684 2862 931 3005 ismffisuffieient.

729 2969 732 2974 ¹
774 2965 828 3009 ms.

316 3203 318 3208 .
402 3146 454 3206 IV.
492 3146 643 3206 Gonoio
666 3144 867 3221 Quomodo
891 3146 940 3205 sit
963 3146 1156 3206 orandum.

403 3300 534 3361 Primum
559 3301 695 3360 omnium
718 3300 778 3361 duo
801 3302 995 3379 requiruntur
1016 3299 1054 3360 sd
1077 3318 1181 3359 rerem
1206 3320 1244 3360 se

319 3384 387 3443 Deo
411 3390 529 3527 grutem
553 3385 745 3461 orationem,
769 3402 848 3463 quse
870 3388 955 3443 serto
977 3382 1038 3443 hoe
1060 3382 1141 3462 quod
1164 3386 1245 3464 petit

320 3469 483 3545 eonsequit
484 3488 526 3527 ur.
571 3467 709 3527 Alterum
732 3474 796 3543 est,
819 3474 853 3527 ut
873 3465 1041 3526 habeamus
1065 3468 1243 3546 promissio-

319 3570 392 3611 nem
414 3551 470 3610 Dei
480 3550 651 3628 ,alterum
672 3558 705 3609 ut
728 3550 767 3610 de
788 3514 842 3610 iila
863 3550 1069 3646 promissione
1084 3549 1167 3610 nibil
1188 3551 1243 3609 du-

320 3634 460 3694 bitenius.
510 3633 640 3714 Oportet
672 3618 790 3693 uutem'
808 3652 875 3693 esur
908 3633 1146 3712 promissionem
1183 3634 1243 3693 Dei

319 3719 380 3777 iem
408 3724 482 3777 unte
510 3716 590 3777 bene
616 3716 794 3777 meditatum
819 3735 904 3790 esse,
939 3723 972 3777 ut
993 3717 1106 3776 oraturi
1140 3715 1180 3775 de
1204 3737 1244 3777 es

320 3800 631 3861 sommonefseiemus
656 3801 773 3876 Deum,
797 3806 859 3859 tum
881 3799 1014 3859 futurum
1037 3806 1101 3877 est,
1133 3806 1167 3859 ut
1187 3800 1244 3860 ilie

319 3887 440 3945 rstione
477 3902 536 3943 uos
569 3885 739 3943 excitemur
767 3882 806 3943 ed
839 3882 1043 3943 confidentius
1077 3882 1242 3945 orandum.

320 3966 387 4027 Nisi
409 3969 491 4027 euim
510 3965 655 4026 divinitus
679 3964 857 4027 mundabitur
878 3964 919 4026 sd
941 3965 1091 4027 urendum
1112 3966 1244 4027 hebere·

320 4068 397 4129 mus,
419 4050 480 4116 sisi
498 4051 571 4109 item
585 4050 778 4129 promisisset
791 4050 873 4111 Deus
886 4068 920 4112 se
941 4066 999 4135 uqs
1015 4048 1241 4131 exauditurum,
