3075 4775
225 563 229 570 .
318 513 419 598 lto,
541 540 543 543 ·
603 521 637 579 u.
657 519 762 580 cosm
780 521 816 593 u.
835 523 870 614 u.
888 523 968 594 nm.

401 703 494 782 Quod
514 705 606 788 igitur
634 709 679 770 sic
700 710 813 785 santis,
847 711 872 770 si
905 729 925 770 a
950 711 1086 790 peccatis
1112 708 1242 772 recedas

319 793 352 848 et
369 787 517 866 foederis,
552 790 634 869 qnod
665 793 697 852 in
724 792 878 872 baptismo
908 813 975 854 cum
1010 793 1079 856 Deo
1104 795 1242 872 iunxisti,

319 871 360 932 sis
383 891 517 949 memor,
548 880 611 934 tum
641 877 768 936 remissa
798 875 850 938 tibi
874 896 942 938 esse
968 883 1111 958 peccata,
1145 878 1178 936 in
1201 896 1241 938 eo

318 953 442 1033 quidem
473 976 535 1016 nou
572 957 686 1020 falleris
723 966 754 1019 et
780 966 864 1022 recte
893 962 999 1022 sentis.
1042 959 1157 1020 Verum
1179 959 1243 1021 hoc

317 1035 398 1116 vide,
420 1058 469 1115 ne,
491 1057 559 1100 cum
582 1039 662 1102 adeo
684 1041 879 1123 impudenter
900 1042 1012 1104 fiducia
1031 1043 1149 1123 gratiae
1171 1063 1242 1123 pec-

319 1139 382 1199 cas,
405 1120 541 1182 divinum
565 1123 709 1186 iudicium
737 1126 767 1186 in
790 1127 858 1207 ipso
880 1131 1029 1208 peccato,
1061 1125 1241 1206 priusquam

317 1208 350 1266 tu
371 1203 490 1278 redeas,
513 1214 544 1266 te
566 1206 691 1285 obruat,
723 1229 763 1270 ne
796 1211 857 1283 (sic
879 1211 1074 1290 permittente
1096 1208 1184 1289 Deo)
1209 1211 1241 1270 in

316 1292 417 1348 tantu
438 1290 625 1351 tentationes
647 1292 830 1366 coniiciaris,
853 1301 886 1354 ut
907 1313 946 1354 ne
969 1293 994 1354 si
1015 1291 1092 1352 velis
1114 1292 1240 1371 quidem

316 1370 442 1432 credere
462 1381 515 1431 ant
535 1370 678 1453 baptismi
699 1376 875 1436 meminisse
895 1377 1007 1458 possis,
1030 1381 1062 1436 et
1080 1376 1240 1436 conscien-

314 1453 557 1522 concaedes
579 1457 767 1522 succumbat.

398 1537 477 1598 Nam
507 1558 574 1600 cum
597 1560 691 1621 aegre
711 1541 756 1602 illi
780 1547 954 1622 serventur,
992 1542 1043 1620 qui
1076 1560 1139 1603 non
1168 1561 1239 1622 pec

316 1626 402 1697 cant,
425 1627 478 1682 sut
499 1622 550 1702 qui
573 1623 749 1684 infirmitate
771 1631 916 1705 peccant,
954 1624 1025 1704 quid
1048 1623 1087 1684 de
1109 1631 1139 1684 te
1161 1624 1239 1685 futu-

314 1722 381 1762 rum
404 1710 467 1779 est,
503 1707 554 1783 qui
584 1705 663 1767 adeo
686 1707 881 1788 impudenter
901 1709 1030 1788 gratiam
1053 1709 1179 1769 tentasti
1201 1727 1241 1768 aa

315 1786 526 1857 contemsistil
569 1789 603 1850 ln
627 1791 737 1852 timore
764 1791 858 1872 igitur
884 1791 941 1852 Dei
963 1790 1172 1866 ambulemus,
1206 1799 1241 1850 ut

314 1871 469 1939 constanti
497 1869 558 1932 tide
586 1872 672 1933 illum
701 1875 820 1954 gratiae
844 1874 1018 1934 thesaurum
1041 1874 1241 1952 retineamus,

315 1957 348 2015 ct
375 1971 432 2033 pro
466 1953 520 2016 illa
542 1955 753 2018 misericordia
780 1956 853 2018 laeti
882 1956 1094 2037 praedicemus
1117 1975 1154 2018 ac
1176 1957 1240 2018 lau-

314 2033 422 2098 damus
446 2037 542 2099 Deum
564 2039 596 2098 iu
618 2039 733 2118 secula,
755 2038 867 2101 Amen.

726 2123 819 2184 llinis.

234 2262 238 2271 ¹
333 2280 603 2360 ll-Quomodo
639 2285 788 2349 Christi
832 2289 969 2369 passio
1012 2289 1062 2348 sit
1105 2286 1217 2349 medi-

706 2370 836 2435 tanda

394 2533 506 2611 Primo,
530 2535 669 2616 plerique
684 2538 843 2598 hominum
866 2538 911 2597 sic
925 2536 1037 2598 Christi
1055 2537 1236 2617 passionem

311 2615 509 2695 meditantur,
533 2626 566 2679 ut
585 2620 721 2699 graviter
743 2622 915 2683 irascantur
934 2619 1065 2698 ludaeis,
1088 2626 1119 2681 et
1139 2619 1237 2681 iudae

310 2705 472 2779 peccatum
494 2702 597 2763 multis
633 2703 732 2766 modis
766 2708 980 2781 exsecrentur,
1015 2720 1053 2764 ac
1074 2708 1239 2783 praeterea

310 2780 387 2854 nihil
406 2783 530 2846 faciant.
573 2784 624 2847 Sic
657 2787 738 2848 enim
771 2786 815 2847 illi
842 2792 914 2848 sunt
942 2784 1024 2847 soliti
1052 2792 1085 2847 et
1104 2783 1236 2853 aliorum

311 2882 435 2945 quoque
450 2866 609 2929 hominum
631 2870 824 2931 calamitates
839 2865 1012 2950 deplorare,
1035 2875 1066 2930 et
1088 2886 1238 2929 accusare

310 2946 401 3027 illos,
435 2950 486 3029 qui
513 2970 576 3012 uon
600 2954 715 3015 meritis
737 2954 904 3015 attulerunt
926 2952 1076 3013 iniuriam.
1120 2951 1236 3012 Verum

310 3030 372 3094 hoc
392 3033 506 3093 rectius
528 3032 696 3111 diceretur,
726 3036 822 3097 Iudae
852 3054 890 3096 ac
918 3033 1101 3097 ludaeorum
1123 3034 1236 3114 impro-

309 3112 437 3182 bitatem
462 3135 555 3197 quam
576 3117 688 3181 Christi
710 3122 888 3201 passionem
911 3117 1061 3182 meditari.

394 3196 555 3278 Secund0,
586 3200 780 3282 collegerunt
808 3202 931 3283 quidam
953 3200 1039 3262 varia
1061 3198 1238 3275 commoda,
1268 3241 1270 3245 .

312 3297 391 3357 quae
426 3300 466 3341 ex
492 3282 680 3364 diligentiori
710 3286 911 3348 meditatione
962 3284 1093 3345 assionis
1123 3281 1238 3345 Christi

309 3365 514 3441 proveniant..
548 3366 627 3429 Hinc
653 3368 731 3430 illud
753 3369 871 3431 Alberti
901 3304 993 3447 vulgo
1015 3366 1159 3427 iactatur:
1183 3366 1237 3429 Sa-

310 3445 371 3516 tius
392 3466 461 3508 esse
484 3449 596 3512 Christi
618 3454 796 3533 passionem
825 3450 923 3515 semel
946 3456 976 3509 et
999 3448 1097 3525 obiter
1117 3447 1148 3508 in
1173 3449 1239 3509 uita

311 3528 460 3609 meditari,
484 3552 575 3611 quam
598 3537 625 3596 si
645 3555 701 3616 per
722 3542 820 3597 totum
843 3553 957 3597 anuum
977 3531 1105 3613 singulis
1129 3529 1239 3605 diebus

310 3611 439 3690 ieiunes,
462 3622 515 3675 aut
535 3623 634 3679 totum
657 3619 850 3681 Psalmorum
873 3616 982 3677 librum
1007 3614 1134 3679 evolvas
1156 3623 1216 3675 etc.

395 3695 451 3757 Est
471 3705 574 3760 autem
605 3702 665 3763 hac
696 3709 727 3763 et
748 3700 898 3763 similibus
921 3697 989 3759 aliis
1012 3698 1173 3759 sententiis
1195 3698 1238 3758 ef-

311 3778 439 3858 fectum,
475 3786 508 3844 ut
529 3800 585 3842 ceu
608 3787 693 3847 caeci
715 3784 858 3847 homines
880 3802 984 3843 verum
1008 3797 1097 3841 usum
1118 3782 1238 3861 passio-

310 3862 359 3923 nis
382 3861 495 3924 Christi
518 3884 675 3945 nunquam
697 3869 758 3928 sint
780 3866 923 3927 assecuti.
966 3862 1076 3942 Neque
1098 3864 1181 3924 enim
1204 3864 1237 3923 in

310 3961 349 4010 ea
370 3944 535 4026 quidquam
558 3950 761 4031 quaerebant,
798 3969 889 4029 quam
919 3946 1072 4029 privatum
1094 3965 1237 4007 commo·

312 4024 393 4092 dum.
437 4028 700 4094 Circumferebant
721 4034 803 4096 enim
826 4051 930 4098 secum
953 4028 1182 4113 imagunculae,
1204 4030 1240 4096 li-
