3075 4775
332 495 374 566 ΒΘ
501 499 660 572 Disputatio
673 501 789 570 tipum
806 500 946 560 habim
965 500 1026 557 xlx

710 723 873 808 Soo'pus.
980 786 985 794 ,

333 793 547 908 DePotsstate
556 820 706 924 pap-ael),
721 845 783 918 imo
797 842 836 908 de
849 841 1253 924 primpurssem.Pontiiieis.

533 983 536 993 ι
616 943 702 1009 noeti
724 945 917 1023 protestutio.
1032 981 1037 988 ,

417 1059 450 1120 ln
474 1061 598 1122 nomine
621 1067 673 1122 tuo
696 1060 795 1121 dulcis
816 1061 900 1123 Jesu.
940 1062 1113 1140 Antequam
1135 1060 1165 1118 in
1187 1079 1252 1120 are·

334 1163 403 1206 num
428 1143 629 1220 descendum,
663 1148 818 1224 protestor
846 1161 949 1204 eorum
977 1143 1065 1205 vebis
1088 1142 1253 1213 illustrissi-

316 1227 400 1306 mis,
425 1227 587 1302 nobilibus,
609 1226 780 1308 magnificis
803 1234 834 1287 et
855 1225 1122 1288 excellentissimis
1145 1226 1249 1286 Domi-

334 1310 390 1388 nis,
413 1311 517 1372 omnia
562 1331 665 1376 erme
688 1308 819 1370 dicenda
840 1317 872 1370 et
893 1309 975 1370 diota
994 1310 1027 1370 in
1055 1310 1160 1392 primis
1182 1326 1254 1370 esse

334 1393 471 1455 subiecta
491 1393 522 1452 iu
545 1394 604 1454 icio
627 1394 743 1474 primae
766 1393 863 1473 sedis,
898 1401 929 1454 et
950 1392 1073 1454 Domini
1093 1393 1124 1452 in
1147 1410 1185 1452 ea
1207 1410 1254 1470 se-

333 1475 449 1553 dentis,
483 1475 594 1546 deinde
630 1475 836 1556 quorumtibet
864 1477 1011 1554 aliorum,
1045 1493 1174 1558 quorum
1205 1483 1254 1536 est

333 1563 470 1620 errantes
494 1561 664 1640 corrigere,
694 1565 725 1620 et
752 1558 951 1620 ad‘veritstis
972 1559 1181 1638 uognitionem
1205 1577 1251 1620 re-

334 1641 455 1705 duoere.

415 1741 456 1810 ut
478 1743 566 1821 quia
580 1740 767 1808 reverendus
796 1741 887 1802 Pater
914 1743 944 1811 in
976 1741 1167 1822 praefatione
1196 1761 1253 1810 sua
1366 1803 1374 1808 ,

334 1826 419 1905 quasi
450 1844 483 1884 se
512 1824 690 1886 excusando
713 1831 842 1886 testatur
863 1844 897 1884 se
919 1823 1050 1889 libenter
1066 1824 1153 1894 hune
1177 1825 1252 1892 omi-

333 1907 411 1970 sisse
422 1909 592 1988 materiam,
613 1929 669 1988 pro
684 1909 793 1968 summi
813 1905 969 1989 pontificis
988 1909 1170 1988 reverentia,
1192 1908 1253 1967 nisi

246 2007 247 2012 ¹
332 2010 387 2070 per
408 2010 507 2051 meam
530 1997 699 2071 pertractus
715 1991 823 2052 fuisset
843 1991 1097 2071 propositionem.
1125 1990 1169 2050 At
1189 2011 1252 2051 me-

333 2073 456 2136 minerit
476 2073 663 2134 reverendus
687 2075 787 2152 Pater,
809 2075 867 2135 nisi
890 2075 973 2157 prius
994 2075 1113 2154 ipsein
1135 2073 1251 2135 resolu-

332 2157 412 2218 torio
434 2162 507 2218 aute
529 2163 669 2238 tempora
688 2155 828 2236 Silvestri
850 2163 1015 2236 negasset,
1037 2154 1126 2218 Rem.
1149 2155 1253 2216 Ponti-

331 2237 422 2305 fioem
452 2239 519 2302 aliis
551 2241 757 2321 superiorem,
792 2259 856 2303 non
890 2240 998 2301 fuisset
1032 2240 1252 2321 necessarium,

332 2340 383 2389 ute
414 2322 612 2387 tredeeimum
643 2323 728 2384 illam
759 2324 901 2403 posuisse
926 2322 1188 2404 propositionem,
1220 2330 1253 2384 et

327 2405 416 2485 quud
438 2407 468 2467 in
493 2407 577 2467 utatis
590 2408 918 2487 nugamentorum
941 2408 1045 2487 legato
1066 2405 1156 2468 Sedis
1176 2424 1252 2487 upo-
1324 2450 1332 2458 -

333 2488 462 2551 stetisse
505 2490 633 2549 Beatum
671 2490 830 2571 Pelagium
857 2489 1037 2551 Pontificem
1069 2489 1252 2570 evangelion

333 2572 447 2653 seriptu
475 2573 603 2660 torsisse
636 2580 793 2650 causatur,
826 2574 876 2653 qui
897 2579 1000 2633 tumen
1031 2574 1167 2633 maxime
1187 2589 1251 2633 om·

332 2656 416 2719 nium
438 2654 477 2715 ad
500 2661 674 2716 sanctorum
688 2655 809 2717 Petrum
831 2656 1032 2722 intentionem
1055 2654 1150 2716 verba
1166 2654 1250 2716 chri-

330 2739 372 2811 sti
395 2740 523 2819 aceepit.
566 2738 689 2801 Frustra
711 2760 785 2821 ergo
808 2738 1007 2802 Reverendus
1028 2738 1120 2807 Pater
1146 2739 1178 2800 in
1201 2750 1251 2800 me

331 2840 458 2888 oausam
479 2828 623 2901 torquere
644 2824 762 2901 nititur,
798 2824 845 2883 oui
867 2823 935 2901 ipse
955 2841 1017 2884 nou
1040 2820 1135 2888 semel
1155 2837 1251 2894 ‘pona-

331 2906 453 2969 sionem
470 2907 634 2986 praestitit.
660 2904 725 2966 Sed
741 2908 803 2966 iam
818 2904 998 2985 ambagibus
1014 2905 1152 2984 resentis,
1171 2906 1251 2985 prin-

332 2988 434 3067 erpere
455 2990 635 3066 institutum,
658 2988 725 3049 Deo
746 2988 835 3066 duae,
858 2987 1082 3068 aggrediamur.

415 3086 597 3149 Revereude
618 3088 723 3165 Pater,
753 3088 866 3148 Vestra
886 3084 1055 3150 Oonolusio
1086 3086 1253 3148 tredecima
1317 3097 1322 3119 ¹

333 3176 422 3227 meae
461 3171 674 3232 oontmdiueus
702 3170 814 3239 fatetur
853 3172 943 3235 Rom.
979 3170 1151 3231 Ecclesiam
1181 3190 1252 3231 esse

334 3250 402 3309 aliis
425 3254 623 3334 superiorem,
646 3255 732 3314 iuxta
752 3254 1053 3335 frigidissimuRom.
1068 3252 1252 3320 Pontificum

272 3384 275 3389 .
333 3333 484 3412 Daereta,
518 3335 598 3397 intra
629 3336 870 3419 quadringentos
892 3356 1001 3399 anuos
1022 3345 1109 3416 nata,
1141 3336 1252 3417 quibus

335 3415 459 3476 obstare
481 3416 580 3478 diuitis
603 3425 718 3480 textum
742 3439 848 3481 ssome
869 3420 1062 3503 Seriptrrse,
1095 3426 1127 3481 st
1157 3420 1252 3481 histo-

331 3498 391 3559 rias
414 3499 599 3587 npprobatas
614 3503 705 3591 xmille
727 3508 758 3564 et
790 3511 912 3565 eentum
945 3521 1112 3583 annorum,
1141 3509 1254 3564 eontra

334 3600 425 3665 quam
448 3582 493 3643 sio
514 3601 649 3664 oppone.

415 3664 593 3731 Mona-robis
615 3672 646 3729 et
667 3687 743 3730 unus
761 3669 949 3749 principatus
979 3670 1010 3732 in
1040 3667 1174 3731 eeclesia
1187 3671 1254 3742 ¹Dei

324 3754 382 3809 aet
401 3746 447 3811 sie
478 3748 544 3815 iure
566 3748 686 3829 divino,
720 3757 794 3814 eta
814 3748 938 3818 Christo
959 3753 1129 3833 institutus,
1149 3772 1254 3832 ,quare
1342 3832 1346 3839 .
1385 3803 1387 3836 ,

357 3866 775 3889 mmuh-...Q

405 3953 437 4023 1)
457 3956 487 4007 In
507 3956 549 4008 ed.
570 3957 656 4025 princ.
670 3942 761 4009 deest:
783 3970 880 4025 pupae.
900 3955 933 4025 2)
953 3958 984 4010 Iu
999 3956 1141 4026 suprius.
1160 3958 1254 4013 deest:

333 4022 500 4097 Augustae,
518 4030 664 4097 repetitum
685 4044 721 4081 ex
740 4028 784 4083 ed.
802 4028 857 4081 len.
