3075 4775
356 560 419 627 180
538 564 825 633 Disputsttoltpstae
843 558 948 617 habita
960 578 986 618 a.
1006 563 1065 615 Xlx

353 752 576 834 periculosum,
603 759 637 812 ut
667 751 760 812 hodie
793 751 922 831 induxi,
950 750 1022 813 ideo
1044 752 1197 813 ecclesiae
1220 770 1289 813 non

263 874 265 878 .
355 843 466 915 emant,
490 836 516 896 si
539 835 638 896 solum
660 837 766 916 pigros
789 836 937 897 contritos
956 836 1217 919 voluntreoipere
1242 837 1294 909 in7

356 919 543 999 dulgentias,
572 926 655 980 certe
687 918 727 978 ad
753 918 972 981 Oartlrusianos
1003 920 1109 980 venire
1137 938 1201 980 non
1233 918 1291 979 de-

357 1004 470 1070 bent'

437 1084 472 1145 ln
504 1085 632 1146 materia
662 1082 734 1145 fidei
771 1084 846 1145 dicit
882 1085 1016 1145 maxime
1050 1084 1292 1159 attendendum,

356 1166 567 1248 quiddicatur.
591 1167 772 1249 Egoautem
795 1169 991 1229 autoritatem
1011 1175 1118 1248 reputo
1141 1170 1171 1228 in
1197 1167 1292 1230 theo-

357 1251 440 1331 logia
470 1252 732 1331 potentissimam.
765 1257 798 1311 et
825 1251 908 1330 quod
943 1251 1048 1311 audire
1076 1248 1294 1332 praecipimur

356 1333 500 1395 sedentes
528 1352 620 1414 supra
641 1334 818 1395 cathedram
846 1334 957 1414 Moysi.
991 1334 1065 1395 ideo
1093 1336 1160 1414 quis
1190 1334 1292 1409 dicat,

356 1416 515 1478 attendere
537 1415 695 1496 debemus,
718 1425 752 1477 ut
772 1419 963 1498 captivemus
974 1416 1174 1493 intellectum,
1197 1418 1293 1478 iuxta

356 1508 554 1581 praeceptum
574 1501 724 1580 apostoli,
749 1503 781 1560 in
805 1499 986 1580 obsequium
1009 1500 1095 1579 fldetp
1117 1508 1293 1581 propterea

357 1584 489 1645 concilia
515 1583 619 1644 habita
646 1592 731 1662 sunt,
773 1593 807 1644 ut
836 1602 941 1645 eorum
970 1586 1133 1645 autoritate
1161 1602 1292 1648 errores

355 1666 641 1729 exterminarentur.
756 1707 761 1721 .

440 1750 487 1810 De
508 1749 751 1811 mendicantibus
773 1757 908 1815 transeo.
1003 1766 1009 1779 ’

440 1830 531 1909 Quod
552 1851 627 1893 vero
648 1835 705 1914 ait,
737 1834 902 1895 concilium
924 1836 954 1893 in
976 1832 1030 1911 iis,
1049 1832 1083 1892 iu
1105 1830 1217 1911 quibus
1241 1852 1291 1893 re·

357 1918 438 1997 gitur
459 1935 478 1976 a
498 1914 611 1996 Spiritu
633 1923 757 1994 sancto,
785 1936 848 1978 non
871 1936 988 1994 errare,
1012 1915 1082 1976 dico
1102 1934 1180 1996 ego,
1210 1918 1291 1977 anti-

247 2002 259 2013 “’
357 2018 486 2079 quornm
507 2000 630 2060 Petrum
653 2007 775 2060 secutus
798 2002 1003 2075 sententiam,
1025 2015 1147 2078 semper
1169 1996 1291 2061 debere

358 2083 510 2163 praesumi
533 2082 697 2143 concilium
708 2084 783 2163 regi
811 2104 830 2144 a
851 2083 965 2164 Spiritu
987 2090 1111 2153 sancto,
1139 2082 1291 2161 quamdiu

358 2185 420 2225 non
442 2172 565 2226 constat
591 2165 630 2226 de
659 2168 822 2247 opposito,
855 2166 973 2227 scilicet
1000 2164 1040 2225 de
1067 2165 1292 2245 illegitimitate

357 2249 615 2329 congregationis.
1029 2276 1031 2283 ¹
1137 2267 1140 2272 ¹

440 2331 501 2394 sed
522 2330 624 2396 adhuc
645 2332 764 2393 fortiter
785 2338 846 2394 stat
866 2330 1051 2394 reverendus
1074 2328 1168 2392 Pater
1187 2331 1220 2391 in
1246 2332 1291 2392 vi-

357 2417 401 2476 tio
424 2416 496 2477 boni
519 2418 631 2497 operis,
653 2415 736 2495 quod
758 2416 836 2476 dans
856 2417 1018 2497 pecuniam
1041 2421 1168 2496 propter
1188 2413 1291 2475 indul-

321 2502 324 2511 '
358 2499 487 2580 gentian,
509 2499 586 2560 alias
607 2517 670 2560 non
684 2498 819 2578 daturus,
842 2501 929 2579 quasi
952 2500 1013 2559 hoe
1034 2498 1074 2558 sit
1090 2499 1197 2558 vitium
1212 2498 1291 2560 boni

358 2583 471 2661 operis.
490 2607 499 2620 .
515 2582 701 2658 Quaererem
724 2603 744 2643 a
764 2581 935 2643 reverendo
951 2581 1057 2658 Patre,
1080 2582 1105 2640 si
1127 2583 1195 2662 ipse
1217 2601 1290 2641 enm

359 2667 421 2725 suis
444 2665 597 2726 Fratribus
620 2665 714 2727 habet
734 2667 976 2727 anniversarium
990 2664 1127 2726 «alicuius
1139 2663 1293 2746 Principis

360 2749 409 2809 ret
431 2745 549 2810 Nobilis
573 2767 641 2810 cnm
665 2752 714 2815 30.
725 2748 837 2828 Missis,
860 2751 931 2828 quia
952 2748 1062 2810 dantur
1083 2747 1185 2808 bonae
1198 2747 1292 2810 Prae·

358 2833 497 2911 sentiae,
532 2831 648 2912 alioqui
677 2851 741 2894 non
762 2832 920 2894 habiturus
942 2832 1209 2909 anniversarium,
1246 2851 1290 2892 an

360 2915 423 2975 boc
442 2915 483 2975 sit
503 2916 608 2975 vitium
630 2913 704 2977 boni
726 2917 829 2996 operis
843 2915 897 2995 ¹)f

440 2997 704 3079 De'lndulgentiis
724 2997 764 3059 ab
787 3019 825 3061 eo
847 3018 910 3060 non
933 2997 1118 3078 contemptis
1140 2996 1292 3078 iudicent,

361 3083 412 3160 qui
436 3081 616 3143 Sermonem
638 3082 796 3162 vulgarem
818 3083 958 3165 legerint.
1239 3117 1245 3122 -

442 3165 555 3245 Porro,
591 3164 778 3226 reverendus
801 3166 891 3228 Pater
910 3165 1008 3226 faetus
1029 3166 1180 3246 interpres
1204 3183 1292 3226 meus

360 3246 442 3328 dicit,
465 3248 671 3330 indulgentias
691 3249 772 3310 forte
794 3251 839 3310 sic
859 3250 956 3311 factas
978 3267 1047 3309 esse
1060 3247 1292 3327 satisfactorias,

361 3333 432 3410 quia
454 3339 579 3414 propter
597 3334 672 3392 istas
706 3333 817 3413 aliquis
838 3321 1017 3394 satisfacere
1047 3349 1110 3392 non
1138 3336 1291 3394 teneatur.

359 3414 429 3475 Non
452 3415 511 3476 iste
532 3423 580 3476 est
598 3433 707 3476 sensus
730 3436 839 3495 meus,
870 3416 924 3478 sed
948 3416 1020 3495 quia
1046 3413 1139 3474 homo
1162 3412 1292 3476 deberet

361 3498 573 3579 propeccatis
606 3500 699 3559 enam
731 3501 870 3562 contritis
895 3497 1071 3561 satisfacere
1093 3496 1132 3557 de
1151 3515 1232 3573 suo,
1262 3505 1293 3558 et

360 3599 415 3662 per
436 3581 640 3662 indulgentias
662 3582 813 3644 satisfacit
834 3583 873 3644 de
896 3583 1019 3660 abeno,
1057 3581 1129 3665 quia
1150 3597 1290 3642 summus

362 3664 500 3724 Pontifex
523 3663 576 3725 dat
596 3666 625 3725 ei
646 3664 686 3726 de
707 3665 853 3728 thesauro
875 3667 1046 3744 ecclesiae,
1075 3663 1157 3724 unde
1179 3664 1292 3740 solvat,

361 3754 395 3808 ut
414 3748 468 3825 sio,
490 3749 576 3807 iuxta
587 3767 782 3810 communem
797 3749 918 3811 Petrum
932 3749 1125 3826 sententiam,
1147 3749 1244 3809 etism
1260 3749 1290 3807 in

409 3949 437 4011 t)
456 3946 487 3999 In
506 3945 549 4002 sd.
568 3948 639 4016 orig.
659 3947 748 4001 hicio
769 3950 896 4018 margine
915 3947 1037 4002 additum
1061 3925 1180 4018 legitur:
1202 3943 1291 3998 Marti-

361 4035 412 4072 nus
431 4019 546 4072 dubitat
564 4017 678 4072 Eccirm
696 4018 732 4071 Et
748 4021 791 4074 sic
808 4035 863 4074 non
883 4022 935 4074 erit
946 4021 1022 4074 salva
1040 4021 1131 4074 omnis
1151 4031 1215 4071 caro
1235 4023 1289 4070 tam

360 4092 389 4142 in
407 4090 513 4144 cuculla
529 4105 610 4160 quarn
629 4096 715 4144 extre.
