3075 4775
317 555 320 562 ·
369 530 433 596 194
570 532 730 599 Disputatio
747 510 860 601 Lipsiae
878 534 972 589 habim
990 549 1017 588 a.
1037 533 1099 587 xlx
1125 509 1129 523 ¹

368 717 452 798 quod
474 719 618 781 conuitio
639 718 752 781 nullius
774 720 814 781 sit
834 718 988 799 utilitatis,
1009 720 1068 781 nisi
1091 716 1146 779 liat
1166 718 1200 779 in
1223 717 1300 779 cari·

369 809 441 866 tate.
461 800 531 863 Hoc
542 801 665 881 quidem
688 820 804 881 varum,
827 802 882 863 sed
905 802 1076 865 secundum
1089 801 1299 881 Augustinum

367 884 408 946 ad
428 885 588 947 entitatem
608 904 672 949 ron
694 886 880 965 pervenitur,
903 887 962 948 nisi
983 887 1216 967 pertimerem.
1250 882 1300 943 ‘li-

255 955 268 1030 ζ
369 986 436 1029 mur
457 968 713 1031 medicamentum
735 976 792 1047 est,
815 970 926 1031 caritas
954 970 1079 1031 sanitas.
1120 967 1213 1033 Unde
1236 985 1302 1029 nun

368 1050 537 1112 accedente
570 1052 698 1113 carimte
724 1070 835 1113 umam
862 1052 943 1113 bene
958 1056 1127 1115 moverunt
1153 1052 1302 1113 umorem

368 1134 454 1195 illum
477 1134 729 1212 insufficientem,
760 1141 928 1215 propterea
948 1136 979 1197 iu
1002 1137 1053 1197 via
1074 1134 1160 1197 illum
1181 1134 1302 1195 consti·

367 1222 464 1296 luunt,
485 1237 549 1279 non
571 1218 601 1278 in
624 1218 764 1281 terminu.

449 1317 499 1378 Ad
520 1319 728 1378 rationemors
749 1318 784 1379 B.
797 1318 948 1398 Dionysio
971 1324 1123 1398 sumptam
1146 1317 1305 1394 uansirit,

252 1386 256 1397 ⁸
367 1400 422 1461 sed
444 1420 508 1461 non
529 1402 657 1481 speruit
672 1401 709 1462 D.
731 1396 832 1477 Pater,
854 1419 923 1460 cum
945 1407 1107 1480 peccatum
1129 1401 1170 1459 sit
1189 1401 1305 1478 imum,

367 1490 400 1544 et
419 1485 532 1559 cesima
554 1486 704 1563 superius,
726 1480 813 1565 quod
835 1482 1031 1544 sitmedium
1054 1483 1260 1564 perveniendi
1286 1502 1307 1543 a

365 1575 496 1647 peccato
517 1567 549 1625 in
571 1569 739 1646 carimtcm,
761 1572 794 1627 et
815 1567 956 1647 prolecto
976 1567 1061 1627 aliud
1083 1566 1157 1627 dare
1177 1567 1307 1649 nequit,

367 1668 460 1729 quam
491 1649 638 1729 Basilius,
669 1649 768 1728 Beda,
806 1651 1013 1731 Augustinus,
1041 1648 1236 1728 Bernarduss,
1269 1650 1308 1709 ti-

368 1750 496 1793 morem.

449 1830 569 1893 Deinde
590 1833 719 1892 assumit
739 1834 868 1913 gratiam
892 1834 1074 1915 praevenire
1105 1832 1249 1893 timorem
1276 1842 1310 1896 at

368 1934 522 1995 amorem,
552 1914 635 1995 quod
661 1916 686 1975 si
707 1915 843 1995 loquitur
865 1914 905 1978 de
926 1918 1035 1997 gratia
1055 1916 1202 2001 motionis
1226 1916 1307 1979 divi-
1341 1914 1348 1923 “

368 2017 437 2077 nae,
460 2016 520 2078 qua
541 1998 624 2059 Deus
646 2016 705 2059 nos
727 1999 892 2081 aspirando
915 2000 1092 2081 praevenit,
1112 1999 1213 2059 istem
1234 2003 1307 2079 qui·
1365 2069 1373 2081 ¹

368 2082 558 2160 damtune,
594 2083 619 2141 si
651 2088 753 2141 autem
783 2081 919 2162 loquitur
956 2082 1005 2157 de¹
1024 2080 1123 2163 gratia
1151 2082 1306 2163 cadatis,

366 2163 442 2224 illud
464 2182 527 2224 non
549 2170 695 2245 eccepto,
718 2166 790 2244 quia
812 2164 909 2242 illius,
939 2184 1019 2245 quae
1039 2172 1124 2227 recte
1147 2164 1308 2245 sapientia

370 2249 400 2307 iu
424 2246 588 2327 seripturis
613 2247 808 2327 appellatur,
839 2248 959 2309 initium
981 2255 1029 2310 est
1050 2250 1142 2309 timor
1162 2244 1307 2328 Domini,

369 2331 508 2411 quamvis
531 2330 624 2391 timor
644 2331 703 2392 iste
723 2330 841 2411 absque
863 2332 990 2394 caritate
1019 2333 1060 2394 sit
1079 2331 1305 2396 infructuosus.

451 2431 564 2510 Porro,
589 2430 671 2511 quod
694 2432 908 2514 Ambrosium,
930 2431 1130 2514 Gregorium,
1160 2437 1191 2492 et
1219 2433 1305 2495 alios

369 2515 513 2576 doctores
540 2511 683 2593 admittit,
706 2514 760 2575 sed
783 2537 846 2576 non
869 2521 978 2576 conus
993 2515 1179 2597 Apostolum
1202 2514 1243 2576 de
1267 2519 1305 2578 ti·

251 2626 256 2636 =
368 2618 454 2659 more
469 2597 557 2680 legis,
578 2599 773 2679 nescioquas
791 2599 921 2660 offundit
934 2599 1072 2660 nebulas.
1095 2597 1186 2658 Dicat
1203 2599 1306 2680 clare,

317 2696 321 2704 ‘
369 2682 493 2742 antisti
521 2679 551 2746 S.
574 2680 679 2742 Patres
708 2701 764 2762 per
786 2703 834 2744 me
864 2682 990 2764 allegati
1011 2688 1186 2764 repugnent
1209 2681 1305 2745 dictis

369 2765 530 2848 Apostoli,
553 2765 603 2825 vel
624 2767 734 2826 minus.
775 2765 807 2826 Si
835 2771 1009 2848 repugnant
1036 2767 1119 2827 dicto
1141 2764 1305 2846 Apostoli,

368 2847 429 2909 hoc
451 2848 614 2927 ostendat,
649 2848 732 2928 quod
754 2867 910 2928 nunquam
939 2847 1004 2909 fieri
1031 2866 1126 2930 posse
1156 2847 1304 2932 arbitror,

369 2951 438 2992 curn
471 2933 503 2993 in
531 2932 625 2992 sacris
660 2931 824 3012 Scripturis
850 2931 962 2992 fuerint
991 2931 1237 2993 exercitatissimi
1271 2941 1305 2995 et

369 3014 483 3096 Spiritu
515 3020 623 3075 sancto
663 3014 790 3096 repleti,
828 3013 1003 3095 apostolum
1032 3015 1160 3076 Paulum
1197 3034 1304 3096 aeque

368 3097 449 3158 bene
470 3096 688 3178 intelligentes,
711 3099 789 3159 sicut
810 3116 877 3161 uos.
902 3097 933 3159 Si
955 3115 1018 3158 non
1040 3104 1215 3180 repugnant
1236 3098 1303 3160 dic-

368 3180 408 3240 tis
429 3179 529 3260 Pauli,
567 3186 628 3240 stet
654 3199 762 3241 eorum
795 3182 986 3258 sententiae,
1014 3189 1045 3243 et
1066 3179 1302 3262 praedicatores

370 3263 495 3324 modum
526 3264 718 3324 contritionis
749 3272 781 3325 et
808 3265 1020 3346 poenitentiae
1048 3264 1220 3346 praefatum
1243 3264 1301 3327 do-

370 3351 474 3407 centes
496 3366 558 3408 non
580 3347 752 3444 improbet,
785 3367 844 3409 nec
870 3347 908 3409 ab
930 3347 1105 3431 hominibus
1126 3351 1301 3430 peccatori·
1331 3409 1342 3437 0

371 3427 427 3488 bus
464 3429 638 3491 huiusmodi
671 3431 814 3490 timorem
843 3431 984 3492 servilem
1013 3431 1117 3492 utilem
1145 3439 1177 3492 et
1209 3435 1301 3529 quasi

370 3512 577 3572 necessarium
599 3514 733 3574 medium
755 3514 914 3590 excludet,

452 3628 522 3692 Nou
549 3632 667 3695 relevat
694 3651 785 3711 eum,
814 3631 896 3711 quod
919 3632 1074 3694 existimat
1094 3631 1201 3696 habita
1223 3635 1302 3696 eari-

370 3718 434 3774 tcts
456 3715 574 3775 moveri
605 3721 739 3778 mentem
761 3714 801 3776 ad
823 3717 981 3794 timorem,
1001 3716 1147 3793 quoniam
1167 3714 1230 3777 hoc
1251 3735 1300 3778 es·

370 3797 590 3863 setccucrinc
626 3817 714 3860 mora
738 3797 926 3880 retrogradi,
964 3805 1072 3862 contra
1095 3799 1132 3860 B.
1154 3797 1300 3882 Gregorii

370 3881 554 3945 seutentiam
585 3880 638 3942 lib.
666 3884 696 3944 2.
728 3880 857 3943 humilia
879 3884 929 3946 19.
966 3901 1057 3962 super
1089 3881 1298 3946 Ezechielem.

249 4033 254 4040 ,
371 3961 501 4023 Constat
520 3963 629 4043 procul
650 3962 754 4043 dubio,
778 3965 850 4042 quia
868 3983 890 4026 a
909 3965 1021 4028 timore
1050 3963 1090 4028 ud
1112 3966 1297 4045 sapientiam

370 4045 556 4124 manuus,
576 4064 641 4108 nun
661 4053 765 4109 autem
786 4043 969 4126 asapisuda
991 4045 1031 4108 ad
1053 4048 1196 4112 timorem
1216 4050 1298 4110 redi·
