3075 4775
296 562 298 571 ’
350 546 413 615 202
537 552 693 621 Disputatio
711 555 819 623 lipsiae
836 555 932 609 habita
949 572 973 608 a.
993 556 1055 610 m

351 739 511 819 adimpleri
532 742 599 801 siue
619 741 761 820 caritate,
792 760 893 820 neque
917 743 1037 822 aliquos
1058 741 1201 803 docuisse
1222 743 1270 803 in·

351 824 537 884 fructuosam
550 825 781 904 poeniteutiam,
805 824 861 885 sed
880 826 1104 905 quomodoper
1124 828 1270 887 timorem

352 906 492 967 servilem
515 907 553 967 ad
575 908 761 969 fructuosam
784 910 987 988 perveniatur.
1018 909 1060 971 ut
1079 909 1163 989 quod
1184 929 1271 990 mag-

352 989 445 1051 nifico
468 990 629 1051 verborum
652 999 802 1071 apparatu
823 994 950 1053 recessit
982 993 1022 1055 ab
1044 992 1192 1053 hodierna
1217 1012 1272 1053 so·
1379 1039 1381 1048 ,

353 1072 525 1148 lutiousl),
550 1076 621 1153 quia
642 1074 762 1147 dixerat
783 1074 961 1155 Sapientem
987 1077 1071 1155 loqui
1097 1076 1136 1151 (le
1157 1077 1274 1137 timore

352 1156 454 1234 filiali,
476 1158 537 1217 iam
561 1176 635 1219 vero
657 1158 791 1219 admittit
812 1158 990 1237 loquentem
1013 1159 1052 1221 de
1074 1161 1186 1221 timore
1208 1178 1273 1219 ser-

351 1240 419 1300 vili:
441 1259 504 1302 uon
527 1247 629 1301 tamen
652 1240 846 1302 excludendo
858 1244 998 1321 gratiam.
1021 1242 1183 1318 Quodnec
1203 1246 1273 1305 tex·

352 1330 419 1401 tus,
453 1342 511 1384 nec
531 1323 561 1386 S.
586 1324 740 1385 Doctores
761 1325 926 1403 patiuntur.
969 1326 1048 1386 Nam
1069 1345 1125 1409 per
1145 1327 1273 1405 sapien-

349 1408 423 1467 tiam
444 1407 588 1487 iutelligit
607 1409 785 1485 caritatem,
819 1415 851 1468 ct
878 1409 923 1469 ita
949 1410 1068 1470 initium
1089 1415 1172 1470 essct
1194 1415 1273 1470 aute

349 1490 490 1549 initium·
520 1490 616 1550 Totus
653 1509 776 1570 quoque
820 1491 1009 1571 Augustinus
1042 1512 1104 1553 non
1137 1491 1274 1570 laborat,

316 1606 324 1625 ι
350 1571 506 1651 quomodo
539 1574 631 1634 timor
663 1574 783 1634 servilis
818 1581 889 1633 cum
919 1577 1046 1636 caritate
1081 1576 1121 1635 sit
1148 1576 1272 1637 initium
1380 1577 1381 1580 ’

352 1656 504 1733 caritatis,
539 1655 593 1716 sed
615 1656 773 1736 quomodo
803 1657 895 1718 timor
916 1660 1034 1721 servilis
1056 1660 1156 1739 primo
1178 1678 1272 1720 occu·

350 1745 404 1818 pet
424 1744 557 1799 mentem
581 1745 612 1799 et
632 1742 731 1820 primo
764 1741 968 1821 ingrediatur,
1001 1748 1033 1803 et
1069 1744 1115 1802 sic
1141 1741 1275 1803 iuduuat

351 1822 533 1901 caritatem,
561 1818 643 1901 quo‘d
681 1824 774 1883 etiam
796 1829 845 1884 est
865 1825 904 1884 de
924 1830 1029 1885 mente
1050 1824 1193 1905 Gregorii
1215 1827 1274 1885 im-

350 1904 511 1985 probantis
530 1905 660 1967 reditum
675 1907 876 1983 cancrinum,
898 1908 949 1969 ubi
971 1907 1158 1969 reverendus
1180 1908 1276 1969 Pater

350 2006 407 2067 pro
430 1988 580 2069 Gregorio
604 1992 798 2069 scorpionem
822 1990 895 2050 milri
905 1990 1044 2053 adducit:
1066 1992 1128 2051 Rea
1142 1996 1191 2051 eat
1209 1992 1273 2053 sol·
1356 2039 1360 2049 .

313 2119 321 2136 „
350 2068 434 2131 licita
467 2076 526 2131 etc.
569 2070 698 2133 Omnes*
716 2092 791 2153 ergo
821 2072 851 2133 S.
874 2074 1027 2135 Doctores
1059 2073 1152 2135 hodie
1185 2075 1274 2136 citati

350 2153 459 2213 volunt
480 2154 620 2217 timorem
644 2156 788 2217 servilem
812 2174 882 2216 esse
902 2158 1020 2217 initium
1044 2156 1197 2235 caritatis,
1232 2158 1274 2233 ad

350 2236 583 2317 intelligentiam
607 2257 702 2319 saepe
724 2238 846 2319 datam,
871 2245 902 2300 et
922 2259 1014 2319 quam
1036 2239 1274 2303 Praedicatorss

351 2319 453 2380 solent
474 2319 557 2401 dare,
582 2320 620 2381 de
644 2340 705 2402 quo
727 2320 828 2383 refero
851 2342 902 2384 me
924 2324 962 2384 sd
983 2323 1112 2387 indices.

373 2536 478 2598 Tertia
500 2535 616 2636 decisis
637 2538 709 2602 Julii
732 2556 813 2602 anno
832 2538 967 2610 imm
1000 2539 1078 2602 hora
1105 2539 1251 2613 monada.

372 2687 467 2762 Circa,
482 2689 639 2750 materiam
662 2689 895 2753 conclusionum
918 2694 1044 2770 quartem
1067 2697 1099 2781 ct
1120 2692 1260 2774 quintae.

732 2855 878 2916 Eccius.

432 3020 613 3084 Revercude
634 3021 733 3102 Pater,
755 3022 826 3101 quia
847 3026 968 3100 tempusa
990 3018 1079 3084 uobis
1099 3018 1274 3101 praefixum

353 3111 400 3166 cst
419 3105 510 3168 nimis
532 3110 669 3182 arctum,
702 3110 806 3166 tamen
827 3103 983 3186 tangendo
1006 3103 1132 3182 fundum
1153 3105 1274 3185 negotii

352 3186 455 3266 aliqua
473 3187 572 3262 obiter
593 3188 788 3268 attingemus.
829 3184 908 3250 Illud
930 3185 1060 3264 scilicet,
1081 3185 1165 3266 quud
1186 3187 1273 3268 quili-

351 3269 404 3330 bet
440 3272 585 3334 sacerdos
612 3267 755 3332 absolvat
784 3290 802 3331 a
826 3290 931 3353 poena
959 3275 990 3334 et
1017 3270 1126 3352 culpa,
1163 3276 1276 3333 contra

352 3371 548 3418 communem
567 3374 654 3416 usum
676 3355 769 3415 totius
793 3354 951 3416 ecelesiae.
978 3351 1024 3425 ,Εἴ
1044 3349 1126 3434 quod
1148 3353 1180 3413 iu
1204 3352 1274 3415 Ser·

355 3453 447 3496 moue
469 3437 586 3518 vulgari
610 3444 641 3499 et
662 3435 871 3498 conclusione
893 3437 1003 3514 dicitis,
1026 3456 1065 3496 ex
1087 3435 1172 3496 nulla
1193 3435 1274 3498 Scri·

354 3524 443 3599 ptura
466 3519 608 3602 probari,
645 3519 782 3581 divinam
814 3521 958 3581 iustitiam
980 3519 1114 3600 aliquam
1136 3537 1273 3598 poenam

312 3613 315 3622 ’
352 3601 403 3662 vel
425 3602 662 3666 satisfactionem
686 3603 886 3684 expostulare
906 3623 926 3664 a
946 3608 1120 3685 peccatore.
1149 3601 1190 3663 Et
1210 3603 1273 3663 illis

352 3685 482 3764 innitor,
513 3687 584 3762 quia
607 3688 638 3747 in
661 3686 857 3749 absolutione
879 3687 1093 3748 sacramentali
1114 3685 1205 3765 culpa
1226 3705 1273 3747 re-

353 3769 486 3834 mittitur·
502 3769 703 3848 simultsuce,
736 3768 791 3831 sed
820 3788 924 3850 poena
943 3775 1074 3853 peccato
1097 3767 1200 3834 debita
1221 3788 1272 3830 ae·
1380 3808 1381 3811 =

711 3965 721 3971 “
1126 3954 1133 3982 Ι

390 4013 429 4079 1)ι
442 4013 473 4072 ln
492 4010 532 4066 ed.
552 4011 653 4080 origin.
672 4010 792 4082 margini
811 4011 1109 4088 adscriptumlegltur:
1128 4013 1272 4089 Martinus,

278 4089 281 4103 ⁴
355 4103 413 4142 non
431 4084 550 4149 recessi,
569 4079 721 4150 respoudit.
772 4169 783 4184 x
967 4078 970 4091 ¹
