3075 4775
286 547 356 618 ιο,
639 509 805 604 'nurus

288 734 420 806 roribus.
464 733 562 798 Vides
583 735 666 798 eninr
694 755 734 798 ex
761 731 878 796 scheda
910 731 1128 813 disputatoria,
1158 751 1210 794 nse

202 858 205 868 ·
288 838 353 883 uon
377 826 440 880 tam
463 826 572 882 contra
592 818 793 894 Bodsnstain,
816 833 908 896 quem
923 822 1034 878 contra
1053 824 1121 877 tuas
1137 814 1211 876 doc

289 903 384 965 trinas
407 903 577 982 positiones
599 903 750 984 posuisse.
784 899 874 960 'Vale
896 917 981 979 ergo,
1008 899 1050 959 mi
1068 897 1209 976 llurtine,

291 991 324 1046 st
343 1003 466 1046 oremus
489 986 692 1066 periuricem‚
722 993 756 1048 ut
776 982 993 1046 illuminemur.
1035 981 1085 1042 Ex
1105 980 1210 1126 Inffi

148 1043 149 1048 '
223 1101 227 1106 -
260 1067 371 1146 ¹ssu
392 1067 627 1136 nuscuntur
646 1070 737 1130 suno
767 1065 896 1146 virginei
924 1071 1029 1145 paru.
1049 1063 1126 1126 uu.

665 1185 668 1194 ·
731 1150 801 1212 Tibi
821 1145 1029 1208 deditissimus
1041 1147 1167 1211 Fabius.

339 1243 349 1260 ⁴
376 1233 440 1312 (cf.
476 1232 682 1304 Seidemann,
714 1232 764 1294 die
786 1230 946 1311 Leipziger
973 1229 1169 1311 Disputation
1189 1230 1211 1291 i.

291 1317 319 1384 J.
344 1299 434 1392 uls,
457 1337 487 1397 p.
511 1320 570 1382 127
592 1335 637 1397 sq.
661 1323 690 1378 st
712 1313 882 1390 muner,
908 1314 1045 1376 norom.
1065 1314 1136 1374 nos
1157 1313 1211 1375 ιιι

291 1399 427 1481 p2283l.
470 1398 620 1462 Lutherus
640 1398 724 1459 illico
750 1398 867 1477 etipse
891 1395 1085 1478 (Luthfflpp.
1100 1395 1150 1460 ed.
1171 1395 1212 1457 de
1328 1393 1333 1398 ’

293 1481 399 1550 Wette
421 1479 643 1565 (Seidemann)
669 1481 709 1542 Vl
730 1499 761 1562 p.
784 1484 842 1555 10)
866 1478 1035 1560 Georgium
1056 1479 1213 1542 Sexoniae

293 1565 410 1636 Ducem
433 1571 463 1626 et
481 1564 717 1626 Universitatem
738 1564 929 1645 lipsiensern
954 1563 1011 1641 tol.
1026 1562 1212 1625 Seidenaan

293 1648 365 1728 „die
388 1647 489 1727 Leipn.
513 1647 632 1728 Disput.
653 1666 682 1728 p.
700 1649 740 1713 34
762 1653 794 1709 et
808 1645 885 1724 130)
909 1651 987 1724 oret,
1007 1653 1043 1708 ut
1061 1645 1120 1708 sibi
1140 1663 1214 1707 oon·

292 1730 453 1794 cederetur
475 1729 598 1810 Lipsiae
633 1749 701 1790 cum
722 1730 819 1793 Ecoio
847 1724 1022 1810 disputare,
1053 1735 1086 1790 et
1112 1727 1215 1789 sordis

291 1821 378 1894 purat
408 1812 447 1874 ad
480 1812 719 1894 disputationem
749 1814 830 1876 iuste
860 1831 898 1873 sc
919 1813 983 1872 'rite
1009 1811 1212 1890 subeundam,

291 1915 363 1968 nam
384 1894 434 1956 die
458 1899 505 1962 13.
527 1917 565 1958 m.
587 1897 686 1958 Martii
716 1896 824 1958 scribit
843 1895 1003 1976 Spslatino
1026 1894 1085 1967 (da
1104 1893 1211 1956 Wetto

291 1979 305 2042 1
325 1999 355 2060 p.
377 1980 475 2050 239):
497 1982 617 2057 „Verso
641 1978 708 2064 (tot
728 1986 897 2060 occupatus
919 1975 1084 2061 operibus)
1107 1983 1139 2039 et
1161 1976 1213 2038 ds·

295 2067 380 2124 creta
401 2061 583 2123 Pontificum
606 2081 675 2143 pro
699 2081 784 2124 mea
804 2061 1087 2142 disputetione‚
1102 2067 1143 2122 et
1164 2059 1214 2143 (in

293 2164 397 2207 aurern
421 2144 475 2206 tibi
497 2144 627 2225 loquor)
650 2148 766 2224 nescio,
788 2145 928 2225 enPapa
948 2143 991 2204 sit'
1007 2142 1214 2207 Antichristus

293 2229 361 2308 ipse
383 2227 432 2290 vel
454 2228 614 2308 apostolus
637 2229 717 2289 cius:
737 2227 836 2296 ,adeo
864 2229 976 2289 misere
1010 2227 1215 2307 corrumpitur

295 2317 326 2372 et
346 2308 531 2393 crucifigitur
558 2311 698 2387 Christus
726 2310 775 2389 (id
803 2314 852 2372 est
877 2308 1009 2392 veritas)
1044 2311 1084 2372 ab
1117 2327 1156 2371 eo
1182 2310 1215 2370 in

294 2394 435 2457 decretis.
478 2394 654 2457 Discrucior
675 2396 784 2457 mirum
818 2396 850 2456 in
879 2394 1021 2468 modum,
1039 2395 1102 2455 sic
1124 2392 1216 2455 illudi

294 2477 452 2561 populuun
468 2476 597 2557 Christi,
627 2479 731 2559 specie
752 2478 856 2559 legum
878 2483 912 2539 et
932 2477 1097 2540 Christiani
1118 2477 1215 2537 nomi·

295 2562 352 2624 nis.
395 2559 582 2639 Aliquando·
602 2560 656 2623 tibi
688 2562 811 2642 copiam
839 2561 951 2622 faciam
977 2560 1213 2621 annotationum

295 2662 435 2707 mserum
456 2644 487 2703 in
510 2643 644 2724 decreta,
667 2652 700 2707 ut
722 2652 754 2705 et
774 2651 806 2705 tu
827 2642 948 2720 videas,
970 2643 1043 2723 quid
1064 2644 1109 2703 sit
1124 2644 1211 2725 leges

296 2725 430 2790 condere
451 2728 627 2807 postposita
647 2728 797 2809 scriptura
816 2746 856 2789 ex
877 2725 991 2789 effeobr
1011 2726 1146 2805 ambitae
1166 2733 1212 2806 ty·

295 2809 443 2887 renuidis,
465 2816 501 2871 ut
521 2816 651 2890 bosam,
674 2830 753 2891 quae
775 2811 838 2873 alia
855 2810 1000 2874 Romam
1021 2811 1106 2871 curia
1126 2809 1212 2870 Anti-

298 2892 401 2955 cbristi
424 2912 519 2973 opera
540 2894 695 2959 simillima
726 2894 870 2955 exundat.
911 2892 1097 2955 Nascitur
1117 2891 1212 2952 mibi
1281 2905 1286 2920 ¹

212 3012 221 3027 κ
295 2978 333 3037 iu
356 2976 441 3041 dies
462 2978 585 3059 magis
606 2995 649 3038 ao
670 2978 793 3057 magis
814 2976 1029 3038 subsidium
1051 2983 1088 3037 st
1109 2993 1212 3056 prae·

192 3058 195 3068 '
297 3057 437 3119 sidium
469 3078 540 3139 pro
572 3061 698 3121 sacris
731 3060 893 3123 literis.“
940 3058 982 3140 Et
1013 3059 1064 3121 die
1095 3060 1146 3124 13.
1171 3078 1212 3120 m.

298 3140 412 3221 Aprilis
435 3142 597 3221 epistolam
621 3141 706 3204 dedit
734 3142 774 3204 sd
794 3142 968 3205 iohannem
988 3141 1153 3225 longum,
1180 3143 1213 3202 in

300 3242 361 3304 qua
379 3223 460 3285 baec
489 3232 575 3289 sunt:
619 3225 887 3307 „Disputationem
916 3231 1054 3288 nostram
1070 3225 1213 3287 'lutum

299 3307 433 3387 signavit
450 3306 560 3368 Eocius
578 3311 628 3375 27.
649 3309 748 3371 iunii:
782 3310 841 3371 erit
868 3318 970 3373 autem
1003 3310 1084 3369 inter
1110 3328 1161 3369 nro
1182 3314 1215 3369 ct

300 3393 411 3469 ipsum,
433 3395 466 3450 ut
486 3388 606 3453 videbis
627 3393 661 3453 in
682 3391 741 3454 hac
762 3391 917 3455 schedula.
959 3392 1040 3453 llam
1061 3391 1215 3453 Oarolsts·

299 3470 366 3533 dius
407 3491 470 3533 non
505 3474 719 3555 congredietur
748 3475 793 3538 illi
827 3477 861 3536 in
900 3476 967 3536 istis
1000 3474 1215 3556 positionibus,

300 3563 363 3617 turm
385 3555 468 3635 quod
489 3575 577 3619 meae
598 3559 674 3639 sint,
703 3565 766 3619 tum
795 3557 879 3639 quod
905 3557 1053 3620 subdolus
1076 3558 1216 3638 sophista

298 3658 353 3701 eas
375 3658 424 3699 ras
446 3640 544 3701 movit
565 3639 604 3703 de
625 3642 710 3723 Pspa
730 3647 790 3703 cto.
811 3640 921 3722 quibus
942 3641 1028 3703 illum
1051 3640 1146 3702 rolin
1162 3659 1215 3721 pe·

299 3722 427 3785 rioulum
452 3722 586 3785 traheret
606 3722 716 3787 offensi
736 3724 781 3785 Pa
801 3744 839 3787 ae
868 3724 969 3806 (quod
997 3722 1216 3804 praebendariis

266 3816 272 3848 ι
300 3804 415 3867 melum
435 3805 630 3868 intolerabile
644 3810 722 3886 cst),
745 3744 801 3868 rel
814 3808 953 3889 periculo
975 3806 1128 3869 eiusmodi
1147 3805 1215 3869 soc

300 3888 436 3950 territum
461 3888 634 3953 traduceret
661 3891 727 3953 sina
741 3890 823 3953 bello
841 3892 970 3970 sineque
988 3891 1120 3952 victoris
1135 3891 1228 3955 w.
1324 3909 1331 3915 ·

304 3971 360 4045 (de
384 3970 489 4033 Wette
513 3976 523 4033 1
544 3993 573 4053 p.
597 3971 689 4058 254).

362 4052 475 4131 Quanti
497 4054 866 4123 feceritlsrtbcrus'bano
881 4055 1132 4138 disputationem,
1151 4076 1215 4119 cer·
1240 4105 1244 4114 .
