3075 4775
342 543 419 608 484
584 543 713 612 Epistola
730 543 799 598 Phil.
819 543 1038 598 lalanalrtlranis

355 727 437 792 Esse
467 730 559 810 igitur
589 727 707 810 Papam
744 729 812 790 iure
845 727 950 790 divino
986 736 1081 808 caput
1116 729 1279 796 ecelesiae.

355 812 433 872 Tum
455 811 621 889 Luthsrus,
644 811 799 874 Christum
819 831 854 872 se
874 811 964 872 lateri
985 819 1079 892 eaput
1099 830 1184 889 esse,
1208 830 1279 873 oum
1389 863 1390 886 ,

356 897 491 958 ecclesia
511 896 550 955 sit
570 914 701 976 regnum
727 897 870 976 spiritus,
901 914 963 956 non
986 893 1162 958 desiderare
1193 895 1279 956 aliud

242 1017 250 1030 ι
356 986 461 1060 caput,
483 986 517 1039 ut
537 977 577 1038 ad
598 977 666 1042 Col.
693 982 720 1042 1.

438 1060 488 1122 Ad
520 1061 599 1122 haec
626 1062 714 1122 locos
742 1062 863 1141 aliquot
895 1079 934 1122 ex
955 1061 1145 1141 Hieronymo
1168 1068 1199 1122 et
1221 1060 1280 1142 Gy-

356 1147 465 1226 priano
487 1143 605 1206 addidit
625 1145 753 1222 Eccius,
783 1146 834 1224 qui
857 1151 1004 1224 quantum
1026 1144 1065 1206 de
1086 1147 1151 1204 iure
1173 1143 1279 1206 divino

356 1228 503 1308 probent,
536 1230 605 1308 ipae
634 1226 752 1289 viderit
796 1229 859 1288 lam
882 1236 913 1290 et
940 1225 1062 1306 quidam
1091 1227 1153 1288 loci
1181 1229 1280 1290 mani-

355 1313 434 1372 feste
465 1310 549 1390 apud
582 1310 710 1372 eosdem
732 1310 904 1391 Scriptores
921 1309 951 1385 l)
987 1311 1019 1370 in
1042 1309 1165 1372 dubium
1187 1328 1279 1372 voca

357 1395 483 1472 bantur,
516 1412 594 1472 quos
617 1395 685 1474 ipse
712 1413 769 1473 pro
788 1395 879 1454 certis
901 1393 1087 1474 proferebat.
1130 1392 1280 1454 Bernardi

355 1479 552 1538 autoritatem
573 1475 613 1536 ad
632 1477 805 1558 Eugenium
828 1495 888 1538 ceu
909 1477 1088 1556 panopliam
1105 1476 1277 1536 Achilleam

355 1559 500 1640 iactabat
523 1577 592 1622 oum
615 1567 718 1621 tamen
740 1568 773 1622 et
794 1561 826 1621 in
849 1559 959 1621 eodem
983 1559 1036 1624 lib.
1054 1557 1280 1642 adllugeninm

356 1645 437 1720 siut,
469 1663 548 1723 quae
570 1662 633 1704 non
655 1644 782 1704 omnino
805 1643 881 1704 nihil
900 1642 941 1704 ad
962 1644 1133 1704 institutum
1155 1643 1281 1704 Lutheri

356 1727 480 1788 saciant
524 1727 667 1789 Ceterum
696 1726 853 1788 Bernardo
890 1726 921 1786 in
954 1725 1015 1788 hoc
1045 1727 1173 1807 negotio
1206 1725 1282 1805 quid

355 1809 520 1890 debeatur,
559 1811 628 1889 quis
658 1817 706 1871 est
739 1818 802 1870 tam
830 1808 990 1890 stupidus,
1024 1811 1077 1888 qui
1106 1829 1170 1872 non
1191 1809 1282 1870 intel-

378 1912 401 1975 g
438 1975 488 2036 Ex
509 1975 681 2056 Evangelio
703 1994 776 2036 usus
799 1981 846 2036 est
866 1975 937 2038 loco
960 1975 1068 2040 Matth.
1093 1979 1149 2041 16:
1176 1974 1224 2035 Tu
1247 1993 1282 2034 es

357 2059 467 2122 Petrus
500 2067 532 2120 et
561 2059 755 2140 superbene
787 2066 904 2138 petram
928 2065 987 2120 eto.
1031 2058 1178 2122 Lutherus
1208 2077 1282 2120 con-

357 2144 525 2204 fessionem
554 2142 639 2216 illam
668 2141 739 2202 fidei
774 2159 844 2202 esse
875 2143 986 2225 voluit,
1023 2141 1209 2222 Petrumque
1239 2141 1282 2202 ibi

357 2244 521 2306 personam
544 2226 708 2287 universae
734 2225 887 2286 ecclesiae
916 2244 1040 2306 gerere,
1077 2243 1173 2304 seque
1196 2224 1282 2286 Chri·

358 2316 438 2368 stum
471 2315 590 2389 petrem
621 2326 752 2388 vocare,
787 2307 881 2390 idque
913 2328 952 2369 ex
980 2309 1077 2390 ipsius
1107 2309 1282 2370 sententiae

358 2392 468 2453 ordine
489 2391 626 2473 pluribus
648 2394 833 2454 coniecturis
856 2394 1005 2475 coarguit.

443 2479 516 2536 ltem
540 2476 611 2536 loco
628 2474 682 2559 *):
704 2476 802 2537 Pasce
825 2494 901 2538 oves
925 2496 1026 2554 meas,
1049 2476 1131 2556 quod
1155 2477 1282 2556 proprie

242 2622 246 2627 .
359 2579 398 2621 ao
418 2560 559 2640 privatim
581 2559 673 2621 Petro
700 2559 815 2620 dictum
839 2567 903 2639 est,
940 2560 1101 2639 respondit
1123 2558 1285 2639 Lutherus,

359 2651 432 2725 post
452 2662 558 2724 parem
580 2643 733 2723 apostolis
746 2643 889 2703 omnibus
904 2644 1098 2705 autoritatem
1123 2643 1285 2705 traditam:

358 2728 501 2807 Accipite
522 2726 666 2806 Spiritum
690 2734 848 2805 sanctum,
869 2744 1000 2806 qnorum
1022 2726 1201 2795 remiseritis
1224 2733 1286 2786 ete.

359 2810 445 2871 llaec
467 2811 549 2871 enim
572 2809 667 2870 verba
688 2817 760 2871 sunt
787 2808 965 2871 demandati
986 2808 1096 2889 officii,
1129 2808 1285 2871 Ohrisurm

360 2893 513 2971 docuisse,
536 2891 610 2973 quid
631 2894 671 2953 sit
691 2912 832 2973 pascere,
854 2900 886 2955 et
906 2894 1029 2973 qualem
1046 2893 1181 2954 voluerit
1204 2910 1287 2970 esse,

360 2978 412 3055 qui
434 2987 576 3057 pasturus
598 2976 647 3036 sit.

442 3060 491 3122 Ad
524 3059 603 3120 haee
622 3060 735 3121 Eooius
762 3060 886 3121 concilii
908 3059 1056 3121 constan.
1086 3060 1285 3119 autoritatem

359 3143 523 3225 allegavit,
557 3142 608 3203 ubi
630 3150 740 3204 contra
765 3144 911 3204 articulos
933 3142 1126 3205 Hussitarum
1149 3161 1286 3223 pronun-

359 3227 476 3288 ciatum
497 3234 559 3287 est:
583 3226 629 3287 De
650 3228 838 3287 necessitate
849 3226 957 3287 salutis
975 3234 1032 3307 est,
1056 3226 1287 3289 credereRom.

359 3309 540 3371 Pontificem
575 3311 808 3371 oecumenicum
831 3330 908 3371 esse.
951 3311 996 3373 lbi
1017 3312 1164 3373 iactatum
1187 3310 1286 3388 varie,

359 3395 524 3455 concilium
560 3412 662 3454 errare
694 3411 757 3455 non
780 3414 884 3475 posse.
926 3395 1097 3459 Prudenter
1129 3392 1171 3455 ad
1204 3394 1287 3457 haec

360 3476 525 3555 Lutherus,
547 3497 611 3538 non
634 3496 742 3539 omnes
764 3480 912 3541 articulos
933 3500 989 3559 pro
1011 3479 1175 3542 haereticis
1199 3478 1287 3539 dam·

359 3567 466 3639 natos,
505 3567 537 3621 et
570 3562 704 3640 reliqua,
735 3580 816 3640 quae
837 3564 888 3623 hic
908 3566 1013 3626 omnia
1042 3564 1205 3624 molestum
1239 3570 1290 3623 est

361 3646 485 3705 referre.
528 3645 637 3723 Neque
669 3645 759 3705 huius
792 3652 839 3708 est
870 3647 932 3707 loci
963 3655 1109 3727 nectare,
1144 3648 1291 3725 quaesit

360 3728 561 3789 conciliorum
584 3730 742 3789 autoritas.
785 3730 854 3791 Hoc
877 3732 979 3810 palam
1008 3740 1072 3813 est,
1104 3750 1169 3792 non
1192 3749 1290 3810 posse

359 3811 525 3872 concilium
545 3831 646 3873 novos
674 3814 822 3875 articulos
848 3815 920 3876 fidei
943 3817 1086 3881 condere.
1131 3814 1214 3876 Male
1237 3833 1289 3875 au·

396 4008 427 4071 1)
448 4006 477 4057 ln
497 4005 539 4060 ed.
559 4004 634 4059 Jen.:
654 4006 821 4075 Scripturas.

398 4079 427 4142 *)
450 4076 608 4132 torento.
