3075 4775
503 499 639 554 adversus
658 501 866 556 cummanere
884 502 1005 556 Lntbarl.
1193 501 1213 565 7

288 689 344 750 init
374 687 528 770 impressa
561 687 720 770 bugum
745 695 828 750 ‘aute
860 706 996 750 mensem
1023 689 1213 770 ternariam,

175 775 176 778 ’
290 773 360 832 dum
389 772 462 837 illae
487 774 547 834 iter
578 771 618 832 ad
648 773 779 851 patriam
803 772 945 835 iaderam.
989 773 1123 834 Litterae
1144 774 1212 835 Lut-

290 856 364 930 teri,
399 874 480 934 quae
511 874 608 935 penes
631 874 680 914 me
701 861 840 930 exstant,
876 863 949 915 suut
978 856 1069 917 datae
1091 856 1213 936 Lipsiae

291 943 324 1008 7.,
343 933 467 1000 ianuar.
510 939 634 1018 Aeeepi·
658 956 713 998 eas
735 939 764 1001 8.
787 937 952 1001 Februarii.
998 940 1126 1017 Videte,
1146 939 1212 1035 dig-

192 1081 198 1090 ,
290 1022 409 1082 nissimi
420 1022 537 1095 Patres,
559 1020 689 1081 sebedas
712 1039 798 1082 meas
818 1023 904 1100 prius
924 1021 1020 1083 luisse
1035 1025 1212 1103 impressas,

291 1123 383 1184 quam
419 1104 537 1165 litteras
571 1105 727 1184 seripserit
759 1104 800 1164 ad
833 1123 884 1164 rne
911 1104 1063 1167 Lutterna.
1104 1104 1211 1169 Taceo
1292 1105 1296 1108 ’

291 1187 375 1266 quod
397 1187 437 1248 ob
452 1187 589 1248 loom-um
607 1186 870 1267 intercapedinem
886 1187 1072 1248 tardiuscule
1090 1189 1213 1250 fuemnt

291 1271 365 1330 mihi
399 1277 631 1350 praesentatae:
663 1270 833 1351 intelligitis
863 1271 926 1330 iam
956 1270 1102 1347 arbitror,
1120 1289 1212 1350 ,qnae

290 1355 353 1414 sint
373 1352 445 1414 illae
468 1353 613 1433 strophae
634 1351 797 1414 infeliciter
817 1360 959 1414 versutae
982 1359 1013 1414 et
1030 1353 1147 1434 figurae
1169 1356 1212 1413 ni

288 1436 356 1496 lrilo
379 1435 527 1516 figuratae
549 1436 702 1497 oiviliores
732 1437 864 1497 astutiae
893 1445 925 1497 et
947 1444 1132 1497 veternosae
1146 1455 1212 1516 pru·

289 1519 425 1582 dentiae.
455 1519 598 1580 (letarum
619 1519 703 1600 quod
725 1521 757 1579 in
781 1539 830 1579 rue
850 1521 971 1580 iooatur
992 1527 1024 1580 et
1045 1519 1130 1596 ludit,
1152 1519 1212 1579 aut
1324 1519 1328 1527 ’

289 1603 356 1663 tero
380 1609 420 1680 et,
432 1603 550 1682 patior:
581 1602 662 1664 absit
675 1603 756 1668 ‚mibi
776 1603 918 1683 gloriari,
954 1605 979 1663 si
1006 1605 1038 1663 ia
1060 1602 1212 1681 aliquibus
1330 1666 1337 1683 ,

289 1685 407 1746 Studiis
429 1686 478 1746 vel
499 1685 684 1747 Germaniae
706 1686 755 1746 vel
772 1686 885 1746 ltaliae
907 1686 1073 1747 exercendi
1095 1687 1212 1766 ingenii

289 1787 387 1830 eausa
407 1770 527 1829 invenis
549 1768 712 1848 disputavi.
756 1769 819 1830 sim
842 1769 966 1830 Luttero
987 1776 1021 1830 et
1043 1767 1210 1830 Roderista

288 1853 343 1912 nio
366 1852 741 1932 sophistiousrargutater,
763 1853 822 1913 sim
842 1853 1041 1939 theologista⁸
1061 1853 1212 1932 sophista,

289 1935 575 1996 Aristoteliootatos
586 1935 801 2011 soholastiens,
816 1934 998 2014 disputator,
1016 1935 1092 1995 nibil
1103 1937 1211 2012 seiam,

288 2019 392 2078 soient
411 2019 471 2098 ipsi
493 2019 612 2095 omnia,
642 2022 716 2080 uari
737 2036 827 2097 quam
849 2019 889 2078 sit
911 2019 983 2078 mibi
1005 2027 1092 2079 eurta
1112 2017 1212 2098 supel-

289 2102 352 2162 lex.
394 2100 459 2161 Sim
481 2089 625 2181 pusillus,
651 2102 699 2162 illi
718 2101 844 2178 Golias,
866 2102 945 2162 alter
966 2101 1130 2179 Hereulea,
1151 2102 1213 2161 aiut
1307 2117 1311 2128 ·

286 2203 399 2244 eorum
421 2183 532 2246 iudioio
555 2193 772 2265 praeeeptores
800 2185 860 2244 mei
881 2185 1037 2261 infelices,
1070 2203 1150 2267 quoa
1169 2184 1211 2244 le

289 2269 368 2327 liees
390 2267 536 2348 arbitror,
555 2268 714 2347 quibusvis
737 2266 912 2328 nominibus
935 2286 984 2328 me
1005 2267 1212 2328 debonestare

289 2351 435 2428 nitantur,
458 2353 573 2432 potiar,
601 2349 769 2413 dummodo
793 2349 923 2420 fidelem
945 2370 997 2411 rna
1017 2369 1088 2412 ease
1109 2351 1212 2411 sinaut

289 2442 324 2495 et
347 2434 562 2495 Christianum.
602 2434 632 2496 Si
655 2436 760 2496 teosre
782 2436 896 2513 omnia,
918 2454 998 2513 quae
1021 2430 1212 2515 praeseperit

292 2516 366 2577 mibi
385 2516 537 2595 dominns,
559 2520 624 2579 seio
648 2520 719 2598 quia
733 2537 842 2579 servos
858 2518 973 2578 inutilia
990 2537 1072 2577 sum:
1095 2524 1210 2597 quanto

292 2601 392 2681 magis
414 2600 485 2661 dum
506 2620 644 2681 agnosoo
667 2620 716 2661 me
738 2620 802 2662 non
823 2602 949 2661 fodisse·
967 2621 1035 2661 sum
1056 2600 1211 2660 inutilissi·

292 2702 368 2743 nus.
402 2683 549 2745 Attamen
572 2684 714 2775 quiequid
737 2685 805 2744 Deo
828 2683 966 2745 donante
986 2683 1211 2763 aooepiliben-

290 2772 339 2827 ter
360 2784 518 2847 exponam·
538 2786 594 2847 pro
620 2768 749 2831 renate
769 2766 842 2827 fidei
865 2774 897 2827 et
910 2766 1043 2827 ecolesit
1058 2766 1213 2827 catholiea

291 2849 416 2910 tuenda.
444 2849 485 2910 Et
506 2857 652 2929 quantum
672 2852 756 2911 Deus
778 2849 907 2926 dederit,
927 2848 1082 2909 erroribus
1101 2866 1209 2927 repup

292 2924 375 2995 udbe
403 2939 437 2993 et
458 2952 513 2994 eos
536 2952 719 3015 expungam.
762 2932 854 2993 blulla
881 2933 964 2992 enim
996 2948 1054 3004 nos
1075 2946 1213 2990 eommo-

290 3034 366 3076 rere
389 3008 503 3077 dabant
522 3018 663 3078 eonvieia
677 3018 737 3091 (ait
749 3016 949 3097 Gregorius),
970 3021 1005 3074 nt
1021 3032 1046 3073 a
1063 3014 1116 3073 nia
1129 3019 1214 3073 reeta

292 3105 326 3159 et
346 3118 366 3159 a
388 3106 472 3160 easta
491 3098 601 3180 regula
621 3099 811 3162 resedamus.
854 3099 1029 3159 Armaitiam
1056 3102 1159 3157 tames
1181 3096 1212 3155 in

290 3200 329 3242 se
351 3200 451 3243 meam
474 3182 615 3245 Lutterus
638 3190 782 3244 eausator
802 3179 986 3261 simulatam,
1007 3180 1118 3258 fateor,
1141 3180 1213 3240 ami-

292 3264 397 3326 citiam
420 3265 599 3330 oblitteras
628 3277 659 3326 et
681 3265 816 3326 studium
838 3284 907 3333 eum
930 3284 967 3325 eo
990 3265 1043 3324 inii
1066 3282 1127 3324 neo
1145 3265 1213 3324 viso

290 3350 309 3426 .(
315 3355 349 3408 ut
380 3366 448 3409 oum
479 3348 579 3409 doatis
614 3349 716 3409 faeere
748 3346 872 3431 soleo),
910 3348 966 3409 sed
1000 3354 1164 3427 tantopere
1192 3364 1212 3407 a

290 3432 587 3509 munientes,
614 3432 744 3493 doetiss.
779 3430 1001 3509 Obristopboro
1024 3430 1214 3508 Soheurlino,

212 3582 215 3589 ¹
293 3513 369 3574 lure
391 3513 553 3591 Consulto,
574 3516 783 3596 integerrimo,
806 3512 1033 3582 eommendatot
1067 3513 1130 3574 Sed
1152 3530 1215 3573 ore-

296 3596 380 3657 ditns
401 3615 497 3677 posse
517 3615 567 3658 me
587 3618 659 3659 esse
675 3598 807 3659 amioum
829 3597 867 3674 ei,
890 3596 1215 3676 quiextralleelesiae

295 3681 444 3743 unitatem
467 3680 641 3760 contendit,
670 3700 738 3741 oum
762 3680 798 3741 Β.
819 3678 1025 3760 Hieronymus
1048 3680 1132 3740 omni
1153 3686 1215 3739 stn-

294 3758 346 3823 dio
370 3762 505 3824 affirmet
525 3782 564 3824 se
580 3766 699 3845 egisse,
722 3771 764 3825 ‚ut
783 3764 889 3824 hostes
910 3762 1074 3823 Eeelesiae
1087 3764 1217 3830 eteius

295 3845 402 3907 hostes
436 3845 554 3908 tierent.
597 3847 760 3908 Hominem
784 3857 874 3924 arno,
889 3874 893 3881 -
907 3864 1026 3905 errores
1055 3862 1124 3905 eum
1156 3844 1216 3903 Au

293 3930 417 3998 tustino
440 3929 522 3995 odia.
564 3930 621 3991 Elst
642 3931 703 3991 boe
725 3938 895 3991 monstrum
916 3927 1021 4004 alere,
1043 3928 1211 3987 maritatam

295 4019 331 4074 at
347 4010 433 4078 dum.
453 4012 566 4076 Pontii.
584 4015 663 4076 tueri
683 4032 722 4075 ae
741 4012 875 4095 proximi
889 4010 1026 4073 *reditum
1040 4008 1093 4069 ab
1109 4019 1215 4067 amore
