3075 4775
483 561 511 610 st
521 555 710 610 'sternuto
727 555 923 611 euuhariatiae.
1122 553 1183 620 437

265 755 422 819 nunqnam
443 759 609 822 possumus
629 743 755 824 assequi
789 745 856 818 (ast
881 742 962 803 anim
985 761 1042 804 asu
1063 742 1186 824 quidam

265 823 379 904 ignitus
401 825 581 903 nanninus),
611 831 716 886 tamen
737 843 797 886 nos
820 825 949 900 tolerat,
982 827 1007 884 si
1037 825 1086 888 vel
1109 829 1186 890 soin·

266 905 364 966 tillem
386 907 521 968 oaritstis
541 908 574 968 in
595 908 685 968 nubis
705 909 844 970 relucere
864 908 978 970 videat.

349 989 528 1052 &vandum
550 992 723 1071 igiturest,
756 1011 825 1052 uum
848 1011 887 1052 ex
909 992 968 1053 hao
990 999 1079 1072 parte
1100 993 1186 1054 iuxta

266 1091 375 1132 omnes
397 1073 582 1151 laboremus,
604 1074 702 1135 neda
725 1093 879 1154 quoquam
902 1075 1079 1145 iudioamm,
1104 1077 1186 1156 quod

265 1174 328 1216 non
351 1157 391 1215 sit
412 1157 612 1218 Christianus.
654 1158 759 1219 Habes
782 1159 863 1218 enim
886 1158 1060 1240 exemplum
1076 1158 1185 1220 Christi

150 1238 151 1291 l
264 1240 296 1298 in
318 1241 493 1320 evangelio,
515 1243 566 1320 qui
587 1241 667 1301 adeo
682 1240 815 1322 benigna
828 1241 1046 1321 disoipulorum
1062 1261 1185 1303 suorum

265 1340 387 1382 errores
407 1330 441 1385 et
463 1324 568 1404 lapsus
596 1325 722 1402 tolerat,
754 1334 786 1384 et
815 1343 871 1385 sua
892 1326 1044 1404 sapientia
1064 1324 1185 1386 illorum

265 1404 413 1466 stultitiae
434 1406 517 1467 sedit
537 1415 569 1468 et
589 1409 692 1487 servit,
714 1426 816 1486 neque
829 1407 1016 1469 condemnat
1036 1427 1091 1470 eos
1104 1409 1185 1478 ideo,

265 1487 350 1568 quod
371 1489 432 1549 sint
453 1489 644 1564 infirmiores,
667 1490 722 1551 sed
744 1490 857 1552 blande
873 1491 966 1570 fovet,
989 1499 1020 1552 et
1041 1491 1078 1552 ad
1101 1492 1185 1554 illam

263 1569 471 1633 infirmitatem
493 1575 654 1648 (muniret,
688 1593 749 1654 quo
782 1593 861 1655 ego,
893 1575 1006 1654 inquit,
1043 1575 1103 1634 iam
1136 1593 1185 1648 eo,

263 1653 319 1715 illo
351 1673 409 1716 vos
439 1657 587 1717 aoeodere
613 1677 676 1718 non
700 1659 847 1738 potestis3
880 1660 953 1719 itam
986 1657 1024 1718 ad
1050 1658 1184 1718 Petrum:

264 1736 357 1813 Quod
389 1757 449 1820 ego
481 1739 576 1815 lanio,
619 1748 651 1800 tu
690 1742 792 1800 neseis
826 1759 924 1817 nuno,
971 1742 1051 1824 suisa
1083 1749 1185 1802 autem

263 1827 382 1900 postea.

187 1935 190 1945 ·
347 1901 400 1966 sio
418 1904 513 1966 efficit
534 1907 658 1982 soritas,
692 1914 725 1966 ut
750 1906 888 1967 Christus
918 1906 1064 1967 iustitiam
1088 1925 1185 1984 suam,

263 1987 424 2065 indioium,
445 1990 633 2068 potentiam,
654 1988 837 2065 modiatam,
866 2007 1016 2069 posnam,
1042 1991 1116 2051 item
1138 1991 1185 2050 ius

176 2127 180 2132 .
263 2089 367 2147 snum,
401 2071 483 2151 quod
515 2080 578 2133 tum
606 2074 638 2132 in
660 2091 734 2150 nos,
769 2079 833 2132 tum
854 2073 884 2132 in
920 2078 1048 2153 peooata
1079 2079 1186 2134 nostra

262 2153 372 2230 habet,
406 2156 532 2217 omnino
555 2156 703 2236 negligat.
747 2155 922 2218 Merebatur
943 2154 1067 2235 quidem
1089 2155 1185 2217 stulti·

262 2239 307 2297 tia
327 2244 434 2298 nostra
455 2237 702 2317 damnationem,
737 2258 842 2299 verum
866 2257 928 2302 non
956 2239 1083 2301 damnat
1117 2259 1185 2319 nos,

262 2328 442 2393 summouet
471 2341 546 2403 nos,
582 2321 665 2402 quod
694 2324 941 2404 messuerimus,
978 2322 1059 2403 quod
1094 2322 1185 2384 stulte

263 2406 433 2486 egerimus,
467 2425 530 2468 non
562 2414 666 2467 tamen
696 2407 767 2467 ideo
802 2407 914 2469 abiioit.
964 2407 1060 2468 Vides
1095 2409 1187 2489 igitur

263 2508 327 2549 non
360 2507 429 2549 esse
463 2490 621 2549 minimum
654 2490 734 2550 inter
765 2491 901 2549 oaritatis
940 2489 1056 2566 ollium,
1092 2508 1185 2571 posse

264 2571 398 2632 tolerare
423 2574 555 2651 proximi
577 2570 803 2651 infirmitatem,
837 2572 885 2631 vel
914 2575 943 2631 in
974 2570 1049 2647 fide,
1084 2573 1185 2633 vehin

263 2655 400 2717 sanitate.
500 2659 511 2673 '

347 2736 530 2815 Quanquam
554 2745 657 2799 autem
675 2738 786 2799 Christi
810 2738 985 2819 exemplum
1008 2738 1186 2816 habeamus,

264 2822 316 2899 qui
337 2820 419 2881 adeo
441 2820 563 2900 plaoide
584 2840 707 2883 suorum
731 2820 951 2902 discipulorum
976 2829 1077 2881 errata
1099 2820 1185 2881 tulit:

264 2922 328 2965 non
350 2910 454 2964 tamen
485 2904 557 2986 ideo
589 2905 640 2965 vel
668 2903 830 2965 infirmitas
852 2905 985 2985 proximi
1007 2904 1056 2965 val
1079 2922 1185 2983 pausa·

264 2996 330 3047 tum
351 2986 648 3049 estdalendendum.
684 2987 828 3049 Sisenim
852 2987 891 3048 ad
903 2987 1025 3048 Petrum
1048 2986 1147 3047 diuiti¹
1159 3004 1185 3055 l:
1248 3042 1259 3057 ‚

265 3070 351 3131 Soies
371 3076 497 3149 postea,
520 3069 592 3150 quid
613 3071 675 3131 iam
696 3071 817 3132 laoiam.
862 3070 910 3130 Ad
932 3078 1053 3151 tempus
1077 3069 1187 3131 tolera·

265 3156 310 3214 vit
330 3152 624 3231 eiusinllrmitatem,
646 3154 774 3234 perinde
797 3173 834 3215 au
856 3154 881 3215 si
903 3155 948 3214 aio
970 3153 1066 3215 dieat:
1089 3152 1186 3213 Tuam

265 3236 426 3297 stultitiam
459 3244 490 3297 et
521 3236 728 3298 infirmitatem
762 3237 846 3298 illam
880 3236 950 3298 fidei
986 3236 1125 3297 tolerabo
1157 3243 1188 3295 et

265 3338 392 3400 paruam
414 3319 487 3399 tibi,
510 3319 605 3381 modo
628 3322 744 3382 senuas
767 3321 889 3401 longius
913 3318 969 3382 tibi
989 3319 1187 3401 progredien-

266 3403 340 3464 dum
361 3421 441 3480 esse‚
462 3410 556 3483 atque
578 3422 631 3481 aa,
665 3422 746 3483 quaa
765 3406 797 3465 in
820 3405 933 3464 teiam
954 3402 1083 3464 haerent
1104 3404 1187 3479 vitia,

266 3485 461 3547 emendanda
493 3505 530 3546 ao
562 3486 726 3565 mutanda,
760 3508 800 3548 ne
834 3487 952 3547 otiosus
992 3505 1031 3547 ao
1063 3506 1187 3547 seourus

266 3588 343 3650 Ψ

348 3651 420 3712 Non
432 3653 533 3732 igitur,
548 3641 711 3732 postquam
722 3660 946 3713 sacramentum
960 3653 1188 3733 sumpserimus‚

267 3735 462 3817 negligentes
483 3743 544 3795 aut
575 3737 695 3797 otiosos
726 3756 796 3797 esse
830 3738 984 3798 convenit.
1034 3736 1094 3797 Sed
1127 3735 1188 3794 hoo

266 3820 370 3899 potius
390 3818 607 3898 praestandum
631 3828 693 3896 est,
721 3827 756 3879 ut
777 3820 887 3879 caritas
910 3819 1038 3884 subinde
1060 3824 1188 3893 creseat,

268 3909 310 3981 ut,
332 3903 360 3962 si
381 3920 443 3981 qua
463 3902 494 3961 in
515 3920 550 3963 re
568 3900 691 3963 laborat
711 3904 886 3984 proximus,
908 3918 966 3965 noa
987 3903 1031 3962 illi
1052 3903 1188 3961 feramus
1296 3936 1312 3961 a

323 4074 355 4144 ⁸)
376 4073 474 4127 ronan.
494 4072 537 4129 13.
621 4062 624 4067 ’
