3075 4775
312 533 335 603 4
542 495 694 601 Disputatid
712 536 741 586 et
757 531 1001 610 Excpsatiollceii

207 711 209 717 ’
313 720 418 784 teshic
427 720 583 804 reddimus
595 722 687 783 istum
695 720 781 782 Ecoii
790 718 1118 806 libellumppsiuones
1130 705 1236 803 autem

313 807 397 888 ipsas
419 805 585 888 repetimus
608 825 648 867 ex
669 804 793 886 libello,
825 805 877 886 qui
898 823 957 864 nee
985 803 1055 865 loco
1078 819 1232 862 necanno
1265 860 1269 866 .

313 887 449 954 indicato
472 897 545 951 tunc
561 890 708 970 temporis
731 891 762 949 in
779 889 899 970 vulgus.
911 886 1010 948 editus
1034 894 1081 946 est
1102 884 1157 946 sub
1172 885 1234 946 hoc

314 973 417 1035 titulo:
452 975 629 1054 „Contenta
659 975 690 1033 in
719 973 780 1034 hoc
807 971 930 1033 libello:
963 969 1082 1032 Erasini
1104 969 1232 1030 Rotero-

299 1057 397 1124 ,dami
419 1055 561 1138 Epistola
597 1056 636 1118 ad
658 1057 895 1118 illustrissimum
918 1055 1091 1135 Principem
1115 1071 1152 1112 ao
1173 1051 1234 1111 Du·

219 1190 224 1196 .
315 1157 383 1210 cam
405 1141 560 1201 Saxoniae
582 1148 640 1201 etc.
668 1139 865 1200 Fridericum.
908 1138 1083 1200 Positiones
1103 1135 1233 1196 loannis

314 1224 403 1284 Echii
426 1224 639 1285 scholasticae.
664 1223 837 1307 Positioxnes
848 1221 970 1282 Martini
991 1220 1125 1280 Lutherii
1147 1219 1233 1280 theo·

315 1308 445 1388 logicae.
489 1307 712 1368 Conclusiones
745 1305 889 1366 Andreae
912 1304 1117 1366 Carolostadii
1147 1302 1239 1369 theo<

314 1391 447 1472 logicae.
490 1390 539 1450 Ad
561 1391 719 1450 lectorem.
761 1387 865 1450 Habes
886 1388 952 1467 hio,
974 1387 1087 1448 Lector
1107 1386 1235 1469 optime,

314 1474 354 1534 ad
386 1473 549 1537 illustriss.'
566 1472 721 1533 Saxoniae
749 1472 876 1550 ducem,
906 1472 997 1532 Rom.
1026 1472 1098 1550 imp.
1121 1469 1235 1531 electo·

314 1576 390 1633 rem,
412 1555 598 1616 Friderioum
619 1555 889 1635 prudentissimum
911 1555 1092 1637 prinoipem,
1113 1553 1235 1629 Erasmi

316 1639 517 1700 Roterodami
538 1639 767 1719 prudentissimi
790 1638 947 1718 scriptoris
963 1637 1150 1718 epistolam,
1173 1655 1236 1715 qua

315 1723 361 1782 vir
382 1722 434 1782 ille
456 1742 530 1782 vere
546 1721 716 1803 theologus
729 1721 950 1804 benignissimo
970 1720 1139 1781 studiorum
1153 1718 1235 1779 Mae-

316 1806 418 1866 cenati
450 1807 579 1885 primum
612 1806 730 1867 litteras
760 1805 905 1866 meliores
929 1823 1095 1884 earumque
1115 1802 1235 1884 profes·
1293 1813 1300 1825 ·

316 1908 401 1950 sores
431 1888 641 1966 commendat,
673 1889 785 1950 deiude
812 1888 935 1949 Martini
955 1887 1089 1949 Lutherii
1110 1879 1235 1946 causar'n

315 1973 421 2053 paucis
443 1973 598 2060 attingens
626 1974 657 2032 in
684 1992 718 2033 re
740 1971 921 2052 scrupulosa
951 1971 1171 2053 deversatur,
1202 1974 1236 2030 ut

316 2075 374 2116 nec
396 2057 610 2127 temeritatem¹
626 2057 656 2115 in
680 2055 932 2136 pronunciando,
964 2073 1024 2115 nec
1044 2054 1235 2135 praevarica

316 2140 432 2201 tionem
451 2140 482 2198 in
505 2139 728 2218 patrocinando
743 2138 922 2199 calumniari
940 2139 1051 2218 possis,
1073 2156 1134 2217 qua
1147 2144 1242 2217 parte,

317 2223 474 2284 miraberis
487 2223 636 2286 Erasmioi
657 2223 719 2284 stili
740 2223 920 2303 popularem
935 2222 1116 2283 libertatem.
1138 2221 1235 2281 Porro
1283 2259 1286 2276 .

316 2306 500 2367 Lutlreriana
522 2325 615 2366 causa
638 2325 783 2385 quorsum
807 2308 847 2366 sit
866 2325 1005 2383 evasura,
1026 2305 1130 2366 forsan
1152 2311 1236 2383 pate·

316 2389 360 2450 bit
383 2411 422 2451 ex
444 2397 556 2451 eventu
578 2390 786 2451 scholasticae
808 2389 1033 2470 disputationis,
1055 2408 1146 2467 quarn
1168 2388 1236 2467 Lip-

316 2476 381 2533 siae
410 2475 557 2535 vicesima
589 2475 720 2553 septima
753 2475 866 2533 mensis
895 2474 979 2533 ,Iunii
1009 2472 1059 2532 die
1085 2471 1152 2533 fore
1173 2472 1236 2533 iam

316 2558 429 2619 dudum
457 2560 537 2618 inter
564 2566 666 2637 partes
700 2558 855 2618 convenit.
899 2555 1043 2635 Quisquis
1072 2574 1146 2637 ergo
1174 2555 1235 2615 rari

315 2640 474 2703 conflictus
498 2648 656 2721 spectator
677 2659 746 2701 esse
768 2642 869 2720 cupis,
899 2640 948 2699 lac
970 2640 1084 2719 hospes
1106 2642 1137 2698 in
1160 2636 1234 2698 tem-

314 2744 391 2805 pore
416 2726 508 2788 adsis.
553 2724 637 2785 Bene
668 2723 770 2785 vala.“
814 2724 891 2785 Cum
925 2730 1010 2784 textu
1043 2722 1131 2782 huius
1167 2722 1235 2784 libri

298 2808 499 2875 ¹contulimus
535 2808 627 2868 etiarn
658 2814 775 2868 textum
798 2807 904 2869 harum
928 2807 1074 2885 thesium,
1114 2804 1165 2885 qui
1188 2812 1237 2867 est

315 2894 346 2952 in
369 2888 447 2953 libro
460 2933 473 2971 ‚-
505 2894 555 2970 qui
591 2911 673 2951 anuo
698 2886 777 2955 1519
811 2891 959 2968 subghoo
988 2888 1076 2949 titulo
1105 2887 1234 2967 prodiit:

316 2976 491 3056 Disputatio
500 2974 732 3049 excellentium
753 2974 791 3032 D.
809 2972 1132 3034 doctorumdohannis
1149 2970 1236 3033 Eooii
1255 3044 1262 3062 Ι

316 3064 348 3119 et
367 3058 513 3121 Andreae
536 3056 741 3119 Carolostadii
764 3056 885 3135 Lipsiae
915 3062 990 3134 etc,
1024 3061 1056 3115 et
1082 3055 1235 3117 editiones

316 3142 643 3221 Propositionum
666 3139 824 3199 Lutheri
845 3160 873 3199 a.
898 3140 978 3205 1538
1000 3146 1032 3200 et
1056 3140 1146 3204 1558.

316 3304 543 3386 Disputatio
576 3309 614 3366 'et
635 3304 851 3366 Excusatio
882 3306 919 3369 D.
941 3272 1025 3370 Joh.
1046 3306 1154 3367 Decii
1177 3307 1235 3369 ad·
1300 3286 1306 3291 ⁸

316 3408 458 3481 versus
491 3387 799 3450 criminationes
831 3389 863 3449 F.
896 3389 1059 3451 Martini
1094 3390 1235 3472 Lutter,

494 3532 498 3540 ,
551 3472 703 3534 ordinis
736 3472 1004 3537 Eremitarum.

398 3640 465 3700 Deo
499 3639 724 3700 amandissimis
756 3640 901 3720 praelatis
932 3641 1067 3702 Domino
1097 3640 1235 3720 cespati,

317 3721 429 3784 Abbati
460 3723 553 3784 fontis
577 3722 760 3801 Suessonis,
796 3735 828 3785 et
854 3724 987 3785 Domino
1008 3724 1144 3785 iohanni
1167 3723 1236 3784 Pol-

316 3806 401 3887 lingi,
420 3808 618 3887 praeposita.
631 3808 768 3885 patronis
782 3810 844 3869 suis
861 3807 1156 3886 observandissimis,
1178 3807 1236 3868 Ec

310 3892 381 3965 ,cius
403 3891 433 3949 in
456 3891 591 3951 Domino
612 3891 687 3950 lesu
709 3890 789 3951 bene
811 3910 914 3971 agere.

398 3974 474 4034 Dum
497 3974 571 4034 mihi
591 3993 675 4034 nova
696 3974 837 4035 doctrina
857 3974 1032 4035 Reverendi
1055 3975 1153 4035 Patris
1175 3975 1236 4036 mei

315 4056 438 4123 Lutheri
459 4058 675 4139 Augustiniani
705 4060 772 4119 visa
800 4057 908 4119 fuisset
943 4060 975 4120 in
1000 4058 1104 4121 multis
1137 4076 1158 4117 a
1184 4078 1235 4120 ve·
