<?xml version="1.0" encoding="UTF-8"?>
<!DOCTYPE html PUBLIC "-//W3C//DTD XHTML 1.0 Transitional//EN"
    "http://www.w3.org/TR/xhtml1/DTD/xhtml1-transitional.dtd">
<html xmlns="http://www.w3.org/1999/xhtml" xml:lang="en" lang="en">
 <head>
  <title>
</title>
<meta http-equiv="Content-Type" content="text/html;charset=utf-8" />
  <meta name='ocr-system' content='tesseract 3.04.00' />
  <meta name='ocr-capabilities' content='ocr_page ocr_carea ocr_par ocr_line ocrx_word'/>
</head>
<body>
  <div class='ocr_page' id='page_1' title='image "./operalatinavari02schmgoog_0467.png"; bbox 0 0 3075 4775; ppageno 0'>
   <div class='ocr_carea' id='block_1_1' title="bbox 512 543 1210 618">
    <p class='ocr_par' dir='ltr' id='par_1_1' title="bbox 512 543 1210 618">
     <span class='ocr_line' id='line_1_1' title="bbox 512 543 1210 618; baseline 0.003 -15"><span class='ocrx_word' id='word_1_1' title='bbox 512 546 654 618; x_wconf 80' lang='lat' dir='ltr'>parandae</span> <span class='ocrx_word' id='word_1_2' title='bbox 670 549 781 602; x_wconf 66' lang='lat' dir='ltr'>manne</span> <span class='ocrx_word' id='word_1_3' title='bbox 798 546 835 602; x_wconf 84' lang='lat' dir='ltr'>ad</span> <span class='ocrx_word' id='word_1_4' title='bbox 852 553 980 606; x_wconf 71' lang='lat' dir='ltr'>mortem.</span> <span class='ocrx_word' id='word_1_5' title='bbox 1148 543 1210 612; x_wconf 77' lang='grc'>461</span> 
     </span>
    </p>
   </div>
   <div class='ocr_carea' id='block_1_2' title="bbox 287 735 1257 4186">
    <p class='ocr_par' dir='ltr' id='par_1_2' title="bbox 287 735 1210 906">
     <span class='ocr_line' id='line_1_2' title="bbox 287 735 1210 818; baseline -0.003 -18"><span class='ocrx_word' id='word_1_6' title='bbox 287 740 367 800; x_wconf 88' lang='lat' dir='ltr'>riam</span> <span class='ocrx_word' id='word_1_7' title='bbox 386 738 508 818; x_wconf 77' lang='lat' dir='ltr'>pennati</span> <span class='ocrx_word' id='word_1_8' title='bbox 536 743 573 798; x_wconf 87' lang='lat' dir='ltr'>et</span> <span class='ocrx_word' id='word_1_9' title='bbox 597 739 704 798; x_wconf 75' lang='lat' dir='ltr'>mortio</span> <span class='ocrx_word' id='word_1_10' title='bbox 734 757 791 818; x_wconf 87' lang='lat' dir='ltr'>per</span> <span class='ocrx_word' id='word_1_11' title='bbox 810 737 976 800; x_wconf 88' lang='lat' dir='ltr'>Dominum</span> <span class='ocrx_word' id='word_1_12' title='bbox 1006 743 1144 799; x_wconf 73' lang='lat' dir='ltr'>nostrum</span> <span class='ocrx_word' id='word_1_13' title='bbox 1165 735 1210 798; x_wconf 90' lang='lat' dir='ltr'>Ie·</span> 
     </span>
     <span class='ocr_line' id='line_1_3' title="bbox 288 821 543 906; baseline 0 -24"><span class='ocrx_word' id='word_1_14' title='bbox 288 841 358 906; x_wconf 79' lang='lat' dir='ltr'>enm</span> <span class='ocrx_word' id='word_1_15' title='bbox 380 821 543 903; x_wconf 74' lang='lat' dir='ltr'>Christum.</span> 
     </span>
    </p>

    <p class='ocr_par' dir='ltr' id='par_1_3' title="bbox 289 901 1257 3243">
     <span class='ocr_line' id='line_1_4' title="bbox 373 901 1211 983; baseline -0.002 -17"><span class='ocrx_word' id='word_1_16' title='bbox 373 904 584 983; x_wconf 85' lang='lat' dir='ltr'>Dnodeoimo,</span> <span class='ocrx_word' id='word_1_17' title='bbox 618 905 697 964; x_wconf 85' lang='lat' dir='ltr'>aient</span> <span class='ocrx_word' id='word_1_18' title='bbox 729 911 832 963; x_wconf 86' lang='lat' dir='ltr'>autem</span> <span class='ocrx_word' id='word_1_19' title='bbox 866 902 905 962; x_wconf 87' lang='lat' dir='ltr'>de</span> <span class='ocrx_word' id='word_1_20' title='bbox 939 909 1069 982; x_wconf 85' lang='lat' dir='ltr'>peooato</span> <span class='ocrx_word' id='word_1_21' title='bbox 1105 911 1137 962; x_wconf 89' lang='lat' dir='ltr'>et</span> <span class='ocrx_word' id='word_1_22' title='bbox 1172 901 1211 964; x_wconf 84' lang='lat' dir='ltr'>de</span> 
     </span>
     <span class='ocr_line' id='line_1_5' title="bbox 291 985 1211 1066; baseline -0.004 -16"><span class='ocrx_word' id='word_1_23' title='bbox 291 995 391 1050; x_wconf 89' lang='lat' dir='ltr'>morte</span> <span class='ocrx_word' id='word_1_24' title='bbox 412 990 598 1065; x_wconf 87' lang='lat' dir='ltr'>monuimne,</span> <span class='ocrx_word' id='word_1_25' title='bbox 619 989 663 1047; x_wconf 86' lang='lat' dir='ltr'>ita</span> <span class='ocrx_word' id='word_1_26' title='bbox 684 1005 808 1066; x_wconf 88' lang='lat' dir='ltr'>quoque</span> <span class='ocrx_word' id='word_1_27' title='bbox 830 987 869 1047; x_wconf 89' lang='lat' dir='ltr'>de</span> <span class='ocrx_word' id='word_1_28' title='bbox 889 985 1012 1047; x_wconf 81' lang='lat' dir='ltr'>inferno</span> <span class='ocrx_word' id='word_1_29' title='bbox 1031 993 1063 1046; x_wconf 89' lang='lat' dir='ltr'>et</span> <span class='ocrx_word' id='word_1_30' title='bbox 1085 992 1211 1048; x_wconf 85' lang='lat' dir='ltr'>aeterna</span> 
     </span>
     <span class='ocr_line' id='line_1_6' title="bbox 290 1068 1210 1151; baseline -0.007 -17"><span class='ocrx_word' id='word_1_31' title='bbox 290 1072 491 1134; x_wconf 83' lang='lat' dir='ltr'>damnatione</span> <span class='ocrx_word' id='word_1_32' title='bbox 511 1072 658 1151; x_wconf 83' lang='lat' dir='ltr'>dioimue,</span> <span class='ocrx_word' id='word_1_33' title='bbox 687 1071 773 1130; x_wconf 85' lang='lat' dir='ltr'>enine</span> <span class='ocrx_word' id='word_1_34' title='bbox 799 1071 903 1150; x_wconf 80' lang='lat' dir='ltr'>imago</span> <span class='ocrx_word' id='word_1_35' title='bbox 926 1068 1076 1148; x_wconf 88' lang='lat' dir='ltr'>quaedam</span> <span class='ocrx_word' id='word_1_36' title='bbox 1100 1077 1147 1128; x_wconf 82' lang='lat' dir='ltr'>eat</span> <span class='ocrx_word' id='word_1_37' title='bbox 1167 1071 1210 1128; x_wconf 95' lang='lat' dir='ltr'>in-</span> 
     </span>
     <span class='ocr_line' id='line_1_7' title="bbox 291 1153 1210 1233; baseline -0.004 -17"><span class='ocrx_word' id='word_1_38' title='bbox 291 1156 447 1218; x_wconf 87' lang='lat' dir='ltr'>oludenda</span> <span class='ocrx_word' id='word_1_39' title='bbox 465 1156 497 1215; x_wconf 93' lang='lat' dir='ltr'>in</span> <span class='ocrx_word' id='word_1_40' title='bbox 519 1156 672 1233; x_wconf 86' lang='lat' dir='ltr'>animam,</span> <span class='ocrx_word' id='word_1_41' title='bbox 700 1173 763 1213; x_wconf 91' lang='lat' dir='ltr'>non</span> <span class='ocrx_word' id='word_1_42' title='bbox 786 1153 875 1231; x_wconf 83' lang='lat' dir='ltr'>talio,</span> <span class='ocrx_word' id='word_1_43' title='bbox 902 1153 1000 1232; x_wconf 82' lang='lat' dir='ltr'>qualia</span> <span class='ocrx_word' id='word_1_44' title='bbox 1027 1159 1080 1213; x_wconf 90' lang='lat' dir='ltr'>aut</span> <span class='ocrx_word' id='word_1_45' title='bbox 1100 1171 1156 1232; x_wconf 82' lang='lat' dir='ltr'>per</span> <span class='ocrx_word' id='word_1_46' title='bbox 1176 1171 1210 1213; x_wconf 81' lang='lat' dir='ltr'>ee</span> 
     </span>
     <span class='ocr_line' id='line_1_8' title="bbox 291 1235 1210 1319; baseline -0.005 -18"><span class='ocrx_word' id='word_1_47' title='bbox 291 1248 350 1319; x_wconf 85' lang='lat' dir='ltr'>eet,</span> <span class='ocrx_word' id='word_1_48' title='bbox 371 1246 426 1301; x_wconf 87' lang='lat' dir='ltr'>aut</span> <span class='ocrx_word' id='word_1_49' title='bbox 447 1238 546 1319; x_wconf 86' lang='lat' dir='ltr'>qualia</span> <span class='ocrx_word' id='word_1_50' title='bbox 567 1240 599 1297; x_wconf 91' lang='lat' dir='ltr'>in</span> <span class='ocrx_word' id='word_1_51' title='bbox 621 1238 674 1316; x_wconf 86' lang='lat' dir='ltr'>iis,</span> <span class='ocrx_word' id='word_1_52' title='bbox 697 1238 749 1317; x_wconf 88' lang='lat' dir='ltr'>qui</span> <span class='ocrx_word' id='word_1_53' title='bbox 769 1235 907 1296; x_wconf 85' lang='lat' dir='ltr'>damnati</span> <span class='ocrx_word' id='word_1_54' title='bbox 929 1245 1014 1316; x_wconf 85' lang='lat' dir='ltr'>aaut,</span> <span class='ocrx_word' id='word_1_55' title='bbox 1038 1253 1107 1296; x_wconf 82' lang='lat' dir='ltr'>esee</span> <span class='ocrx_word' id='word_1_56' title='bbox 1129 1235 1210 1296; x_wconf 91' lang='lat' dir='ltr'>vide·</span> 
     </span>
     <span class='ocr_line' id='line_1_9' title="bbox 290 1318 1210 1400; baseline -0.005 -15"><span class='ocrx_word' id='word_1_57' title='bbox 290 1331 349 1387; x_wconf 86' lang='lat' dir='ltr'>tar.</span> <span class='ocrx_word' id='word_1_58' title='bbox 391 1323 470 1384; x_wconf 85' lang='lat' dir='ltr'>Nam</span> <span class='ocrx_word' id='word_1_59' title='bbox 503 1323 531 1382; x_wconf 87' lang='lat' dir='ltr'>ei</span> <span class='ocrx_word' id='word_1_60' title='bbox 556 1328 587 1382; x_wconf 92' lang='lat' dir='ltr'>te</span> <span class='ocrx_word' id='word_1_61' title='bbox 612 1320 666 1381; x_wconf 89' lang='lat' dir='ltr'>ille</span> <span class='ocrx_word' id='word_1_62' title='bbox 691 1321 802 1400; x_wconf 80' lang='lat' dir='ltr'>ingene</span> <span class='ocrx_word' id='word_1_63' title='bbox 829 1339 893 1381; x_wconf 89' lang='lat' dir='ltr'>non</span> <span class='ocrx_word' id='word_1_64' title='bbox 914 1318 1210 1400; x_wconf 85' lang='lat' dir='ltr'>praedestinatorum</span> 
     </span>
     <span class='ocr_line' id='line_1_10' title="bbox 289 1403 1210 1482; baseline -0.007 -14"><span class='ocrx_word' id='word_1_65' title='bbox 289 1407 448 1468; x_wconf 84' lang='lat' dir='ltr'>hominum</span> <span class='ocrx_word' id='word_1_66' title='bbox 468 1425 613 1466; x_wconf 87' lang='lat' dir='ltr'>nnmerae</span> <span class='ocrx_word' id='word_1_67' title='bbox 635 1403 800 1464; x_wconf 74' lang='lat' dir='ltr'>sollicitum</span> <span class='ocrx_word' id='word_1_68' title='bbox 820 1403 943 1482; x_wconf 81' lang='lat' dir='ltr'>habeat,</span> <span class='ocrx_word' id='word_1_69' title='bbox 964 1403 1132 1482; x_wconf 83' lang='lat' dir='ltr'>perieulum</span> <span class='ocrx_word' id='word_1_70' title='bbox 1155 1410 1210 1482; x_wconf 84' lang='lat' dir='ltr'>eet,</span> 
     </span>
     <span class='ocr_line' id='line_1_11' title="bbox 291 1486 1210 1569; baseline -0.004 -19"><span class='ocrx_word' id='word_1_71' title='bbox 291 1491 454 1550; x_wconf 79' lang='lat' dir='ltr'>aestatim</span> <span class='ocrx_word' id='word_1_72' title='bbox 476 1489 530 1549; x_wconf 89' lang='lat' dir='ltr'>illa</span> <span class='ocrx_word' id='word_1_73' title='bbox 550 1489 699 1569; x_wconf 73' lang='lat' dir='ltr'>rogitatio</span> <span class='ocrx_word' id='word_1_74' title='bbox 721 1495 753 1547; x_wconf 89' lang='lat' dir='ltr'>te</span> <span class='ocrx_word' id='word_1_75' title='bbox 774 1486 827 1546; x_wconf 87' lang='lat' dir='ltr'>det</span> <span class='ocrx_word' id='word_1_76' title='bbox 847 1489 1047 1567; x_wconf 85' lang='lat' dir='ltr'>praeeipitem</span> <span class='ocrx_word' id='word_1_77' title='bbox 1074 1495 1104 1546; x_wconf 91' lang='lat' dir='ltr'>et</span> <span class='ocrx_word' id='word_1_78' title='bbox 1126 1505 1210 1547; x_wconf 89' lang='lat' dir='ltr'>ever·</span> 
     </span>
     <span class='ocr_line' id='line_1_12' title="bbox 290 1570 1209 1652; baseline -0.004 -18"><span class='ocrx_word' id='word_1_79' title='bbox 290 1581 344 1637; x_wconf 85' lang='lat' dir='ltr'>tat.</span> <span class='ocrx_word' id='word_1_80' title='bbox 388 1573 445 1633; x_wconf 79' lang='lat' dir='ltr'>idat</span> <span class='ocrx_word' id='word_1_81' title='bbox 473 1572 565 1652; x_wconf 86' lang='lat' dir='ltr'>igitur</span> <span class='ocrx_word' id='word_1_82' title='bbox 592 1573 623 1630; x_wconf 86' lang='lat' dir='ltr'>vi</span> <span class='ocrx_word' id='word_1_83' title='bbox 644 1570 776 1650; x_wconf 86' lang='lat' dir='ltr'>quedam</span> <span class='ocrx_word' id='word_1_84' title='bbox 798 1571 1072 1652; x_wconf 83' lang='lat' dir='ltr'>perrumpendum,</span> <span class='ocrx_word' id='word_1_85' title='bbox 1105 1577 1137 1630; x_wconf 84' lang='lat' dir='ltr'>et</span> <span class='ocrx_word' id='word_1_86' title='bbox 1161 1587 1209 1630; x_wconf 80' lang='lat' dir='ltr'>oo</span> 
     </span>
     <span class='ocr_line' id='line_1_13' title="bbox 291 1653 1210 1735; baseline -0.005 -18"><span class='ocrx_word' id='word_1_87' title='bbox 291 1656 434 1717; x_wconf 85' lang='lat' dir='ltr'>eludendi</span> <span class='ocrx_word' id='word_1_88' title='bbox 462 1663 534 1716; x_wconf 88' lang='lat' dir='ltr'>eunt</span> <span class='ocrx_word' id='word_1_89' title='bbox 561 1655 660 1733; x_wconf 81' lang='lat' dir='ltr'>oeuli,</span> <span class='ocrx_word' id='word_1_90' title='bbox 692 1673 734 1714; x_wconf 92' lang='lat' dir='ltr'>ne</span> <span class='ocrx_word' id='word_1_91' title='bbox 759 1662 929 1735; x_wconf 80' lang='lat' dir='ltr'>eonspeotu</span> <span class='ocrx_word' id='word_1_92' title='bbox 958 1653 1040 1714; x_wconf 82' lang='lat' dir='ltr'>illiue</span> <span class='ocrx_word' id='word_1_93' title='bbox 1069 1654 1210 1734; x_wconf 72' lang='lat' dir='ltr'>imaginis</span> 
     </span>
     <span class='ocr_line' id='line_1_14' title="bbox 289 1737 1209 1832; baseline -0.007 -30"><span class='ocrx_word' id='word_1_94' title='bbox 289 1749 469 1802; x_wconf 83' lang='lat' dir='ltr'>terreamm.</span> <span class='ocrx_word' id='word_1_95' title='bbox 511 1739 620 1818; x_wconf 81' lang='lat' dir='ltr'>Neque</span> <span class='ocrx_word' id='word_1_96' title='bbox 649 1739 731 1798; x_wconf 91' lang='lat' dir='ltr'>enim</span> <span class='ocrx_word' id='word_1_97' title='bbox 759 1737 837 1798; x_wconf 85' lang='lat' dir='ltr'>haee</span> <span class='ocrx_word' id='word_1_98' title='bbox 867 1738 1015 1818; x_wconf 75' lang='lat' dir='ltr'>cogitatio</span> <span class='ocrx_word' id='word_1_99' title='bbox 1048 1738 1209 1832; x_wconf 74' lang='lat' dir='ltr'>quiequam</span> 
     </span>
     <span class='ocr_line' id='line_1_15' title="bbox 290 1821 1209 1904; baseline -0.005 -19"><span class='ocrx_word' id='word_1_100' title='bbox 290 1825 381 1885; x_wconf 84' lang='lat' dir='ltr'>nobie</span> <span class='ocrx_word' id='word_1_101' title='bbox 402 1822 539 1904; x_wconf 78' lang='lat' dir='ltr'>prodeat,</span> <span class='ocrx_word' id='word_1_102' title='bbox 555 1825 614 1883; x_wconf 84' lang='lat' dir='ltr'>etei</span> <span class='ocrx_word' id='word_1_103' title='bbox 635 1840 705 1882; x_wconf 86' lang='lat' dir='ltr'>eam</span> <span class='ocrx_word' id='word_1_104' title='bbox 726 1840 782 1902; x_wconf 89' lang='lat' dir='ltr'>per</span> <span class='ocrx_word' id='word_1_105' title='bbox 794 1821 906 1882; x_wconf 85' lang='lat' dir='ltr'>multoe</span> <span class='ocrx_word' id='word_1_106' title='bbox 928 1839 1028 1882; x_wconf 83' lang='lat' dir='ltr'>annos</span> <span class='ocrx_word' id='word_1_107' title='bbox 1047 1821 1209 1881; x_wconf 82' lang='lat' dir='ltr'>nobiseum</span> 
     </span>
     <span class='ocr_line' id='line_1_16' title="bbox 290 1901 1210 1988; baseline -0.005 -21"><span class='ocrx_word' id='word_1_108' title='bbox 290 1908 521 1988; x_wconf 86' lang='lat' dir='ltr'>agitaverimue,</span> <span class='ocrx_word' id='word_1_109' title='bbox 543 1906 599 1967; x_wconf 90' lang='lat' dir='ltr'>eed</span> <span class='ocrx_word' id='word_1_110' title='bbox 620 1906 802 1986; x_wconf 78' lang='lat' dir='ltr'>gravissime</span> <span class='ocrx_word' id='word_1_111' title='bbox 823 1903 920 1964; x_wconf 90' lang='lat' dir='ltr'>laedit</span> <span class='ocrx_word' id='word_1_112' title='bbox 939 1905 1052 1985; x_wconf 84' lang='lat' dir='ltr'>potina.</span> <span class='ocrx_word' id='word_1_113' title='bbox 1085 1901 1210 1984; x_wconf 83' lang='lat' dir='ltr'>Deflgee</span> 
     </span>
     <span class='ocr_line' id='line_1_17' title="bbox 290 1986 1210 2072; baseline -0.005 -21"><span class='ocrx_word' id='word_1_114' title='bbox 290 1993 383 2072; x_wconf 72' lang='lat' dir='ltr'>igitur</span> <span class='ocrx_word' id='word_1_115' title='bbox 404 1991 512 2052; x_wconf 86' lang='lat' dir='ltr'>oouioe</span> <span class='ocrx_word' id='word_1_116' title='bbox 540 1992 573 2050; x_wconf 91' lang='lat' dir='ltr'>in</span> <span class='ocrx_word' id='word_1_117' title='bbox 598 1987 767 2050; x_wconf 79' lang='lat' dir='ltr'>anelontem</span> <span class='ocrx_word' id='word_1_118' title='bbox 794 1987 879 2049; x_wconf 87' lang='lat' dir='ltr'>iilam</span> <span class='ocrx_word' id='word_1_119' title='bbox 902 1986 1014 2047; x_wconf 75' lang='lat' dir='ltr'>Christi</span> <span class='ocrx_word' id='word_1_120' title='bbox 1035 1989 1210 2068; x_wconf 84' lang='lat' dir='ltr'>imaginem,</span> 
     </span>
     <span class='ocr_line' id='line_1_18' title="bbox 290 2071 1210 2155; baseline -0.003 -20"><span class='ocrx_word' id='word_1_121' title='bbox 290 2076 343 2154; x_wconf 79' lang='lat' dir='ltr'>qni</span> <span class='ocrx_word' id='word_1_122' title='bbox 363 2080 491 2155; x_wconf 86' lang='lat' dir='ltr'>propter</span> <span class='ocrx_word' id='word_1_123' title='bbox 510 2080 544 2134; x_wconf 87' lang='lat' dir='ltr'>te</span> <span class='ocrx_word' id='word_1_124' title='bbox 563 2071 724 2134; x_wconf 83' lang='lat' dir='ltr'>deeoandit</span> <span class='ocrx_word' id='word_1_125' title='bbox 744 2071 785 2132; x_wconf 89' lang='lat' dir='ltr'>ad</span> <span class='ocrx_word' id='word_1_126' title='bbox 805 2072 936 2150; x_wconf 80' lang='lat' dir='ltr'>inferos,</span> <span class='ocrx_word' id='word_1_127' title='bbox 963 2089 1033 2130; x_wconf 88' lang='lat' dir='ltr'>eum</span> <span class='ocrx_word' id='word_1_128' title='bbox 1055 2077 1138 2131; x_wconf 85' lang='lat' dir='ltr'>eeeet</span> <span class='ocrx_word' id='word_1_129' title='bbox 1158 2089 1210 2132; x_wconf 82' lang='lat' dir='ltr'>aa·</span> 
     </span>
     <span class='ocr_line' id='line_1_19' title="bbox 291 2155 1257 2233; baseline -0.004 -15"><span class='ocrx_word' id='word_1_130' title='bbox 291 2165 343 2219; x_wconf 84' lang='lat' dir='ltr'>tea</span> <span class='ocrx_word' id='word_1_131' title='bbox 363 2159 396 2217; x_wconf 90' lang='lat' dir='ltr'>in</span> <span class='ocrx_word' id='word_1_132' title='bbox 417 2175 509 2217; x_wconf 81' lang='lat' dir='ltr'>eruce</span> <span class='ocrx_word' id='word_1_133' title='bbox 530 2176 550 2217; x_wconf 89' lang='lat' dir='ltr'>a</span> <span class='ocrx_word' id='word_1_134' title='bbox 570 2158 638 2218; x_wconf 88' lang='lat' dir='ltr'>Deo</span> <span class='ocrx_word' id='word_1_135' title='bbox 662 2156 844 2233; x_wconf 78' lang='lat' dir='ltr'>derelictus,</span> <span class='ocrx_word' id='word_1_136' title='bbox 870 2173 935 2216; x_wconf 88' lang='lat' dir='ltr'>non</span> <span class='ocrx_word' id='word_1_137' title='bbox 957 2155 1045 2215; x_wconf 86' lang='lat' dir='ltr'>aliter</span> <span class='ocrx_word' id='word_1_138' title='bbox 1065 2158 1160 2233; x_wconf 87' lang='lat' dir='ltr'>atque</span> <span class='ocrx_word' id='word_1_139' title='bbox 1180 2155 1211 2232; x_wconf 87' lang='lat' dir='ltr'>ii,</span> <span class='ocrx_word' id='word_1_140' title='bbox 1239 2167 1257 2198; x_wconf 58' lang='grc' dir='ltr'>ι’</span> 
     </span>
     <span class='ocr_line' id='line_1_20' title="bbox 292 2237 1212 2322; baseline -0.004 -21"><span class='ocrx_word' id='word_1_141' title='bbox 292 2243 344 2320; x_wconf 88' lang='lat' dir='ltr'>qui</span> <span class='ocrx_word' id='word_1_142' title='bbox 370 2242 526 2322; x_wconf 77' lang='lat' dir='ltr'>perpetuis</span> <span class='ocrx_word' id='word_1_143' title='bbox 554 2241 664 2301; x_wconf 83' lang='lat' dir='ltr'>inferni</span> <span class='ocrx_word' id='word_1_144' title='bbox 691 2238 875 2301; x_wconf 86' lang='lat' dir='ltr'>orneiatibue</span> <span class='ocrx_word' id='word_1_145' title='bbox 902 2237 1017 2299; x_wconf 89' lang='lat' dir='ltr'>addioti</span> <span class='ocrx_word' id='word_1_146' title='bbox 1037 2246 1118 2299; x_wconf 85' lang='lat' dir='ltr'>eunt.</span> <span class='ocrx_word' id='word_1_147' title='bbox 1161 2237 1212 2300; x_wconf 77' lang='lat' dir='ltr'>tie</span> 
     </span>
     <span class='ocr_line' id='line_1_21' title="bbox 291 2322 1211 2403; baseline -0.003 -18"><span class='ocrx_word' id='word_1_148' title='bbox 291 2326 372 2385; x_wconf 92' lang='lat' dir='ltr'>enim</span> <span class='ocrx_word' id='word_1_149' title='bbox 395 2324 589 2387; x_wconf 79' lang='lat' dir='ltr'>exclamabat</span> <span class='ocrx_word' id='word_1_150' title='bbox 608 2325 641 2384; x_wconf 85' lang='lat' dir='ltr'>iri</span> <span class='ocrx_word' id='word_1_151' title='bbox 662 2343 768 2385; x_wconf 82' lang='lat' dir='ltr'>ornae:</span> <span class='ocrx_word' id='word_1_152' title='bbox 790 2325 875 2384; x_wconf 80' lang='lat' dir='ltr'>Deus</span> <span class='ocrx_word' id='word_1_153' title='bbox 898 2341 993 2403; x_wconf 85' lang='lat' dir='ltr'>mene,</span> <span class='ocrx_word' id='word_1_154' title='bbox 1014 2322 1098 2384; x_wconf 78' lang='lat' dir='ltr'>Deua</span> <span class='ocrx_word' id='word_1_155' title='bbox 1115 2341 1211 2400; x_wconf 82' lang='lat' dir='ltr'>meua,</span> 
     </span>
     <span class='ocr_line' id='line_1_22' title="bbox 291 2409 1212 2573; baseline -0.004 -19"><span class='ocrx_word' id='word_1_156' title='bbox 291 2409 779 2573; x_wconf 39' lang='lat' dir='ltr'>quuehmlpagepjehlpitpplmpffle</span> <span class='ocrx_word' id='word_1_157' title='bbox 800 2490 903 2569; x_wconf 83' lang='lat' dir='ltr'>vidae,</span> <span class='ocrx_word' id='word_1_158' title='bbox 925 2489 1009 2571; x_wconf 88' lang='lat' dir='ltr'>qnod</span> <span class='ocrx_word' id='word_1_159' title='bbox 1031 2500 1063 2551; x_wconf 87' lang='lat' dir='ltr'>et</span> <span class='ocrx_word' id='word_1_160' title='bbox 1083 2498 1212 2571; x_wconf 84' lang='lat' dir='ltr'>peooate</span> 
     </span>
     <span class='ocr_line' id='line_1_23' title="bbox 292 2572 1211 2661; baseline -0.005 -23"><span class='ocrx_word' id='word_1_161' title='bbox 292 2578 398 2639; x_wconf 87' lang='lat' dir='ltr'>omnia</span> <span class='ocrx_word' id='word_1_162' title='bbox 418 2578 479 2637; x_wconf 88' lang='lat' dir='ltr'>eint</span> <span class='ocrx_word' id='word_1_163' title='bbox 499 2577 638 2656; x_wconf 81' lang='lat' dir='ltr'>deviato,</span> <span class='ocrx_word' id='word_1_164' title='bbox 671 2582 704 2637; x_wconf 82' lang='lat' dir='ltr'>et</span> <span class='ocrx_word' id='word_1_165' title='bbox 723 2574 964 2661; x_wconf 71' lang='lat' dir='ltr'>praedestinatio</span> <span class='ocrx_word' id='word_1_166' title='bbox 988 2573 1027 2633; x_wconf 90' lang='lat' dir='ltr'>de</span> <span class='ocrx_word' id='word_1_167' title='bbox 1050 2584 1081 2634; x_wconf 89' lang='lat' dir='ltr'>te</span> <span class='ocrx_word' id='word_1_168' title='bbox 1104 2572 1211 2635; x_wconf 79' lang='lat' dir='ltr'>contir-</span> 
     </span>
     <span class='ocr_line' id='line_1_24' title="bbox 293 2659 1211 2743; baseline -0.005 -22"><span class='ocrx_word' id='word_1_169' title='bbox 293 2668 376 2721; x_wconf 82' lang='lat' dir='ltr'>mata</span> <span class='ocrx_word' id='word_1_170' title='bbox 396 2664 435 2721; x_wconf 88' lang='lat' dir='ltr'>et&#39;</span> <span class='ocrx_word' id='word_1_171' title='bbox 449 2660 636 2742; x_wconf 76' lang='lat' dir='ltr'>certificata,</span> <span class='ocrx_word' id='word_1_172' title='bbox 673 2659 713 2721; x_wconf 89' lang='lat' dir='ltr'>de</span> <span class='ocrx_word' id='word_1_173' title='bbox 743 2678 807 2743; x_wconf 89' lang='lat' dir='ltr'>qna</span> <span class='ocrx_word' id='word_1_174' title='bbox 833 2659 910 2721; x_wconf 81' lang='lat' dir='ltr'>aliae</span> <span class='ocrx_word' id='word_1_175' title='bbox 934 2666 1036 2719; x_wconf 82' lang='lat' dir='ltr'>aertue</span> <span class='ocrx_word' id='word_1_176' title='bbox 1057 2676 1127 2718; x_wconf 77' lang='lat' dir='ltr'>eene</span> <span class='ocrx_word' id='word_1_177' title='bbox 1148 2674 1211 2717; x_wconf 88' lang='lat' dir='ltr'>non</span> 
     </span>
     <span class='ocr_line' id='line_1_25' title="bbox 292 2740 1212 2826; baseline -0.005 -21"><span class='ocrx_word' id='word_1_178' title='bbox 292 2751 426 2826; x_wconf 82' lang='lat' dir='ltr'>poterae.</span> <span class='ocrx_word' id='word_1_179' title='bbox 468 2744 502 2805; x_wconf 80' lang='lat' dir='ltr'>Si</span> <span class='ocrx_word' id='word_1_180' title='bbox 528 2746 613 2805; x_wconf 88' lang='lat' dir='ltr'>enim</span> <span class='ocrx_word' id='word_1_181' title='bbox 645 2745 727 2806; x_wconf 84' lang='lat' dir='ltr'>haee</span> <span class='ocrx_word' id='word_1_182' title='bbox 752 2762 803 2806; x_wconf 86' lang='lat' dir='ltr'>ree</span> <span class='ocrx_word' id='word_1_183' title='bbox 833 2750 865 2804; x_wconf 89' lang='lat' dir='ltr'>te</span> <span class='ocrx_word' id='word_1_184' title='bbox 895 2742 1062 2804; x_wconf 84' lang='lat' dir='ltr'>eollioitnm</span> <span class='ocrx_word' id='word_1_185' title='bbox 1090 2740 1212 2820; x_wconf 78' lang='lat' dir='ltr'>hebeat,</span> 
     </span>
     <span class='ocr_line' id='line_1_26' title="bbox 293 2825 1212 2907; baseline -0.004 -18"><span class='ocrx_word' id='word_1_186' title='bbox 293 2836 325 2889; x_wconf 85' lang='lat' dir='ltr'>et</span> <span class='ocrx_word' id='word_1_187' title='bbox 347 2836 380 2889; x_wconf 89' lang='lat' dir='ltr'>tn</span> <span class='ocrx_word' id='word_1_188' title='bbox 400 2826 528 2889; x_wconf 81' lang='lat' dir='ltr'>tirmiter</span> <span class='ocrx_word' id='word_1_189' title='bbox 548 2830 609 2891; x_wconf 83' lang='lat' dir='ltr'>ieta</span> <span class='ocrx_word' id='word_1_190' title='bbox 630 2828 757 2907; x_wconf 56' lang='lat' dir='ltr'>amdam</span> <span class='ocrx_word' id='word_1_191' title='bbox 788 2836 852 2889; x_wconf 89' lang='lat' dir='ltr'>tum</span> <span class='ocrx_word' id='word_1_192' title='bbox 881 2834 913 2888; x_wconf 89' lang='lat' dir='ltr'>te</span> <span class='ocrx_word' id='word_1_193' title='bbox 940 2825 1018 2888; x_wconf 87' lang='lat' dir='ltr'>fldea</span> <span class='ocrx_word' id='word_1_194' title='bbox 1036 2826 1090 2887; x_wconf 85' lang='lat' dir='ltr'>iiia</span> <span class='ocrx_word' id='word_1_195' title='bbox 1112 2843 1212 2885; x_wconf 67' lang='lat' dir='ltr'>aaran</span> 
     </span>
     <span class='ocr_line' id='line_1_27' title="bbox 294 2910 1214 2994; baseline -0.003 -22"><span class='ocrx_word' id='word_1_196' title='bbox 294 2912 347 2973; x_wconf 87' lang='lat' dir='ltr'>bit.</span> <span class='ocrx_word' id='word_1_197' title='bbox 374 2912 467 2973; x_wconf 81' lang='lat' dir='ltr'>Nulla</span> <span class='ocrx_word' id='word_1_198' title='bbox 487 2914 581 2994; x_wconf 85' lang='lat' dir='ltr'>igitur</span> <span class='ocrx_word' id='word_1_199' title='bbox 599 2920 687 2974; x_wconf 86' lang='lat' dir='ltr'>tanta</span> <span class='ocrx_word' id='word_1_200' title='bbox 706 2932 756 2973; x_wconf 87' lang='lat' dir='ltr'>ree</span> <span class='ocrx_word' id='word_1_201' title='bbox 776 2913 913 2973; x_wconf 85' lang='lat' dir='ltr'>animum</span> <span class='ocrx_word' id='word_1_202' title='bbox 934 2910 1098 2992; x_wconf 83' lang='lat' dir='ltr'>ooanpabit</span> <span class='ocrx_word' id='word_1_203' title='bbox 1117 2918 1214 2989; x_wconf 83' lang='lat' dir='ltr'>tuam,</span> 
     </span>
     <span class='ocr_line' id='line_1_28' title="bbox 293 2992 1211 3078; baseline -0.004 -22"><span class='ocrx_word' id='word_1_204' title='bbox 293 3014 374 3076; x_wconf 83' lang='lat' dir='ltr'>qnae</span> <span class='ocrx_word' id='word_1_205' title='bbox 400 2995 481 3057; x_wconf 84' lang='lat' dir='ltr'>hano</span> <span class='ocrx_word' id='word_1_206' title='bbox 501 2998 669 3078; x_wconf 79' lang='lat' dir='ltr'>imaginem</span> <span class='ocrx_word' id='word_1_207' title='bbox 691 2997 853 3077; x_wconf 80' lang='lat' dir='ltr'>obeamet,</span> <span class='ocrx_word' id='word_1_208' title='bbox 885 3004 939 3058; x_wconf 87' lang='lat' dir='ltr'>aut</span> <span class='ocrx_word' id='word_1_209' title='bbox 959 2998 1077 3077; x_wconf 82' lang='lat' dir='ltr'>eripiat</span> <span class='ocrx_word' id='word_1_210' title='bbox 1120 2992 1211 3069; x_wconf 79' lang='lat' dir='ltr'>Quod</span> 
     </span>
     <span class='ocr_line' id='line_1_29' title="bbox 294 3076 1213 3162; baseline -0.004 -21"><span class='ocrx_word' id='word_1_211' title='bbox 294 3081 321 3141; x_wconf 88' lang='lat' dir='ltr'>ei</span> <span class='ocrx_word' id='word_1_212' title='bbox 342 3079 415 3160; x_wconf 88' lang='lat' dir='ltr'>qnid</span> <span class='ocrx_word' id='word_1_213' title='bbox 434 3080 489 3142; x_wconf 83' lang='lat' dir='ltr'>tibi</span> <span class='ocrx_word' id='word_1_214' title='bbox 510 3080 615 3160; x_wconf 86' lang='lat' dir='ltr'>deeet,</span> <span class='ocrx_word' id='word_1_215' title='bbox 648 3099 778 3162; x_wconf 75' lang='lat' dir='ltr'>quaem</span> <span class='ocrx_word' id='word_1_216' title='bbox 799 3081 874 3143; x_wconf 87' lang='lat' dir='ltr'>iliud</span> <span class='ocrx_word' id='word_1_217' title='bbox 897 3099 960 3143; x_wconf 91' lang='lat' dir='ltr'>uon</span> <span class='ocrx_word' id='word_1_218' title='bbox 982 3083 1014 3141; x_wconf 89' lang='lat' dir='ltr'>in</span> <span class='ocrx_word' id='word_1_219' title='bbox 1037 3088 1083 3159; x_wconf 88' lang='lat' dir='ltr'>te,</span> <span class='ocrx_word' id='word_1_220' title='bbox 1104 3076 1160 3139; x_wconf 77' lang='lat' dir='ltr'>red</span> <span class='ocrx_word' id='word_1_221' title='bbox 1181 3078 1213 3137; x_wconf 87' lang='lat' dir='ltr'>in</span> 
     </span>
     <span class='ocr_line' id='line_1_30' title="bbox 294 3162 855 3243; baseline 0.007 -19"><span class='ocrx_word' id='word_1_222' title='bbox 294 3162 426 3243; x_wconf 77' lang='lat' dir='ltr'>Christo,</span> <span class='ocrx_word' id='word_1_223' title='bbox 447 3172 480 3225; x_wconf 88' lang='lat' dir='ltr'>et</span> <span class='ocrx_word' id='word_1_224' title='bbox 499 3166 568 3227; x_wconf 89' lang='lat' dir='ltr'>eine</span> <span class='ocrx_word' id='word_1_225' title='bbox 589 3165 684 3228; x_wconf 86' lang='lat' dir='ltr'>dubio</span> <span class='ocrx_word' id='word_1_226' title='bbox 703 3168 855 3229; x_wconf 80' lang='lat' dir='ltr'>inveniar.</span> 
     </span>
    </p>

    <p class='ocr_par' dir='ltr' id='par_1_4' title="bbox 295 3246 1237 4186">
     <span class='ocr_line' id='line_1_31' title="bbox 376 3246 1214 3330; baseline 0 -23"><span class='ocrx_word' id='word_1_227' title='bbox 376 3246 434 3322; x_wconf 76' lang='lat' dir='ltr'>Qui</span> <span class='ocrx_word' id='word_1_228' title='bbox 461 3250 556 3330; x_wconf 89' lang='lat' dir='ltr'>igitur</span> <span class='ocrx_word' id='word_1_229' title='bbox 575 3250 730 3312; x_wconf 79' lang='lat' dir='ltr'>Chrietmn</span> <span class='ocrx_word' id='word_1_230' title='bbox 759 3258 794 3312; x_wconf 88' lang='lat' dir='ltr'>et</span> <span class='ocrx_word' id='word_1_231' title='bbox 814 3251 946 3314; x_wconf 69' lang='lat' dir='ltr'>&amp;notos</span> <span class='ocrx_word' id='word_1_232' title='bbox 973 3250 1039 3311; x_wconf 84' lang='lat' dir='ltr'>eine</span> <span class='ocrx_word' id='word_1_233' title='bbox 1066 3246 1106 3307; x_wconf 88' lang='lat' dir='ltr'>ad</span> <span class='ocrx_word' id='word_1_234' title='bbox 1132 3246 1214 3307; x_wconf 82' lang='lat' dir='ltr'>hano</span> 
     </span>
     <span class='ocr_line' id='line_1_32' title="bbox 296 3330 1215 3419; baseline -0.001 -29"><span class='ocrx_word' id='word_1_235' title='bbox 296 3330 419 3392; x_wconf 88' lang='lat' dir='ltr'>modum</span> <span class='ocrx_word' id='word_1_236' title='bbox 440 3333 606 3413; x_wconf 78' lang='lat' dir='ltr'>inurantur,</span> <span class='ocrx_word' id='word_1_237' title='bbox 628 3343 661 3397; x_wconf 87' lang='lat' dir='ltr'>et</span> <span class='ocrx_word' id='word_1_238' title='bbox 680 3336 812 3419; x_wconf 77' lang='lat' dir='ltr'>gradem</span> <span class='ocrx_word' id='word_1_239' title='bbox 823 3336 892 3417; x_wconf 86' lang='lat' dir='ltr'>Dei,</span> <span class='ocrx_word' id='word_1_240' title='bbox 913 3353 975 3416; x_wconf 87' lang='lat' dir='ltr'>qna</span> <span class='ocrx_word' id='word_1_241' title='bbox 995 3330 1215 3414; x_wconf 76' lang='lat' dir='ltr'>praedeatinat&#39;</span> 
     </span>
     <span class='ocr_line' id='line_1_33' title="bbox 295 3416 1213 3501; baseline 0.002 -26"><span class='ocrx_word' id='word_1_242' title='bbox 295 3422 327 3475; x_wconf 89' lang='lat' dir='ltr'>et</span> <span class='ocrx_word' id='word_1_243' title='bbox 348 3417 460 3477; x_wconf 76' lang='lat' dir='ltr'>servati</span> <span class='ocrx_word' id='word_1_244' title='bbox 480 3426 568 3499; x_wconf 84' lang='lat' dir='ltr'>eant,</span> <span class='ocrx_word' id='word_1_245' title='bbox 599 3420 820 3483; x_wconf 79' lang='lat' dir='ltr'>commendant</span> <span class='ocrx_word' id='word_1_246' title='bbox 840 3438 879 3482; x_wconf 81' lang='lat' dir='ltr'>ao</span> <span class='ocrx_word' id='word_1_247' title='bbox 898 3418 1045 3501; x_wconf 87' lang='lat' dir='ltr'>probant,</span> <span class='ocrx_word' id='word_1_248' title='bbox 1067 3416 1112 3478; x_wconf 78' lang='lat' dir='ltr'>‘nn</span> <span class='ocrx_word' id='word_1_249' title='bbox 1141 3430 1213 3494; x_wconf 75' lang='lat' dir='ltr'>qno</span> 
     </span>
     <span class='ocr_line' id='line_1_34' title="bbox 295 3498 1215 3581; baseline -0.003 -21"><span class='ocrx_word' id='word_1_250' title='bbox 295 3516 355 3578; x_wconf 84' lang='lat' dir='ltr'>que</span> <span class='ocrx_word' id='word_1_251' title='bbox 388 3501 610 3581; x_wconf 83' lang='lat' dir='ltr'>praedeetinati</span> <span class='ocrx_word' id='word_1_252' title='bbox 652 3515 685 3568; x_wconf 89' lang='lat' dir='ltr'>et</span> <span class='ocrx_word' id='word_1_253' title='bbox 720 3506 812 3568; x_wconf 86' lang='lat' dir='ltr'>eteoti</span> <span class='ocrx_word' id='word_1_254' title='bbox 845 3512 927 3569; x_wconf 81' lang='lat' dir='ltr'>eunt.</span> <span class='ocrx_word' id='word_1_255' title='bbox 987 3502 1073 3564; x_wconf 76' lang='lat' dir='ltr'>Siout</span> <span class='ocrx_word' id='word_1_256' title='bbox 1105 3498 1215 3559; x_wconf 75' lang='lat' dir='ltr'>dieitur</span> 
     </span>
     <span class='ocr_line' id='line_1_35' title="bbox 296 3582 1215 3673; baseline 0 -31"><span class='ocrx_word' id='word_1_257' title='bbox 296 3582 392 3644; x_wconf 72' lang='lat' dir='ltr'>tiene.</span> <span class='ocrx_word' id='word_1_258' title='bbox 416 3586 470 3648; x_wconf 85' lang='lat'>12:</span> <span class='ocrx_word' id='word_1_259' title='bbox 501 3586 634 3670; x_wconf 70' lang='lat' dir='ltr'>Omnes,</span> <span class='ocrx_word' id='word_1_260' title='bbox 662 3591 714 3673; x_wconf 88' lang='lat' dir='ltr'>qni</span> <span class='ocrx_word' id='word_1_261' title='bbox 735 3590 791 3652; x_wconf 88' lang='lat' dir='ltr'>tibi</span> <span class='ocrx_word' id='word_1_262' title='bbox 812 3588 1012 3663; x_wconf 86' lang='lat' dir='ltr'>benedioant,</span> <span class='ocrx_word' id='word_1_263' title='bbox 1033 3582 1215 3647; x_wconf 84' lang='lat' dir='ltr'>benedioen·</span> 
     </span>
     <span class='ocr_line' id='line_1_36' title="bbox 296 3664 1213 3756; baseline -0.002 -31"><span class='ocrx_word' id='word_1_264' title='bbox 296 3673 344 3726; x_wconf 92' lang='lat' dir='ltr'>tur</span> <span class='ocrx_word' id='word_1_265' title='bbox 364 3675 396 3727; x_wconf 92' lang='lat' dir='ltr'>et</span> <span class='ocrx_word' id='word_1_266' title='bbox 413 3669 483 3749; x_wconf 83' lang='lat' dir='ltr'>ipai.</span> <span class='ocrx_word' id='word_1_267' title='bbox 509 3670 569 3749; x_wconf 79' lang='lat' dir='ltr'>Qui</span> <span class='ocrx_word' id='word_1_268' title='bbox 590 3684 695 3739; x_wconf 79' lang='lat' dir='ltr'>autern</span> <span class='ocrx_word' id='word_1_269' title='bbox 718 3694 781 3738; x_wconf 91' lang='lat' dir='ltr'>non</span> <span class='ocrx_word' id='word_1_270' title='bbox 803 3676 835 3737; x_wconf 91' lang='lat' dir='ltr'>in</span> <span class='ocrx_word' id='word_1_271' title='bbox 854 3674 909 3737; x_wconf 89' lang='lat' dir='ltr'>iilo</span> <span class='ocrx_word' id='word_1_272' title='bbox 930 3673 1048 3756; x_wconf 84' lang='lat' dir='ltr'>gratiae</span> <span class='ocrx_word' id='word_1_273' title='bbox 1069 3664 1213 3745; x_wconf 85' lang='lat' dir='ltr'>exemplo</span> 
     </span>
     <span class='ocr_line' id='line_1_37' title="bbox 296 3748 1215 3842; baseline -0.008 -25"><span class='ocrx_word' id='word_1_274' title='bbox 296 3749 436 3833; x_wconf 81' lang='lat' dir='ltr'>haerent,</span> <span class='ocrx_word' id='word_1_275' title='bbox 462 3758 519 3818; x_wconf 77' lang='lat' dir='ltr'>aed</span> <span class='ocrx_word' id='word_1_276' title='bbox 539 3759 572 3821; x_wconf 89' lang='lat' dir='ltr'>in</span> <span class='ocrx_word' id='word_1_277' title='bbox 593 3780 631 3827; x_wconf 80' lang='lat' dir='ltr'>ee</span> <span class='ocrx_word' id='word_1_278' title='bbox 650 3778 801 3842; x_wconf 74' lang='lat' dir='ltr'>unamque</span> <span class='ocrx_word' id='word_1_279' title='bbox 822 3760 916 3823; x_wconf 78' lang='lat' dir='ltr'>vitem</span> <span class='ocrx_word' id='word_1_280' title='bbox 938 3756 1078 3837; x_wconf 85' lang='lat' dir='ltr'>defigunt</span> <span class='ocrx_word' id='word_1_281' title='bbox 1097 3748 1215 3825; x_wconf 73' lang='lat' dir='ltr'>oraton,</span> 
     </span>
     <span class='ocr_line' id='line_1_38' title="bbox 295 3830 1237 3933; baseline 0 -41"><span class='ocrx_word' id='word_1_282' title='bbox 295 3836 328 3893; x_wconf 90' lang='lat' dir='ltr'>in</span> <span class='ocrx_word' id='word_1_283' title='bbox 354 3835 414 3896; x_wconf 82' lang='lat' dir='ltr'>illia</span> <span class='ocrx_word' id='word_1_284' title='bbox 444 3841 602 3921; x_wconf 86' lang='lat' dir='ltr'>quoddam</span> <span class='ocrx_word' id='word_1_285' title='bbox 624 3866 699 3933; x_wconf 86' lang='lat' dir='ltr'>erga</span> <span class='ocrx_word' id='word_1_286' title='bbox 718 3846 819 3910; x_wconf 79' lang='lat' dir='ltr'>Deum</span> <span class='ocrx_word' id='word_1_287' title='bbox 841 3852 874 3908; x_wconf 86' lang='lat' dir='ltr'>et</span> <span class='ocrx_word' id='word_1_288' title='bbox 894 3844 1025 3909; x_wconf 60' lang='lat' dir='ltr'>&amp;notua</span> <span class='ocrx_word' id='word_1_289' title='bbox 1047 3838 1113 3898; x_wconf 82' lang='lat' dir='ltr'>eim</span> <span class='ocrx_word' id='word_1_290' title='bbox 1134 3830 1237 3893; x_wconf 73' lang='lat' dir='ltr'>exei-¹</span> 
     </span>
     <span class='ocr_line' id='line_1_39' title="bbox 295 3916 1214 4016; baseline -0.007 -36"><span class='ocrx_word' id='word_1_291' title='bbox 295 3918 406 4016; x_wconf 65' lang='lat' dir='ltr'>tabitnr</span> <span class='ocrx_word' id='word_1_292' title='bbox 426 3924 542 4010; x_wconf 86' lang='lat' dir='ltr'>odiam,</span> <span class='ocrx_word' id='word_1_293' title='bbox 562 3930 608 3995; x_wconf 83' lang='lat' dir='ltr'>ita</span> <span class='ocrx_word' id='word_1_294' title='bbox 629 3939 664 3996; x_wconf 84' lang='lat' dir='ltr'>nt</span> <span class='ocrx_word' id='word_1_295' title='bbox 685 3932 812 3997; x_wconf 86' lang='lat' dir='ltr'>omnino</span> <span class='ocrx_word' id='word_1_296' title='bbox 833 3932 973 4015; x_wconf 79' lang='lat' dir='ltr'>pereant,</span> <span class='ocrx_word' id='word_1_297' title='bbox 993 3924 1025 3986; x_wconf 89' lang='lat' dir='ltr'>id</span> <span class='ocrx_word' id='word_1_298' title='bbox 1047 3916 1128 4001; x_wconf 86' lang='lat' dir='ltr'>quod</span> <span class='ocrx_word' id='word_1_299' title='bbox 1150 3932 1214 3975; x_wconf 75' lang='grc' dir='ltr'>οι·</span> 
     </span>
     <span class='ocr_line' id='line_1_40' title="bbox 296 4000 1213 4101; baseline 0.009 -37"><span class='ocrx_word' id='word_1_300' title='bbox 296 4015 368 4101; x_wconf 61' lang='lat'>”3¹¹9</span> <span class='ocrx_word' id='word_1_301' title='bbox 388 4004 553 4091; x_wconf 78' lang='lat' dir='ltr'>diiigenter</span> <span class='ocrx_word' id='word_1_302' title='bbox 573 4016 746 4083; x_wconf 76' lang='lat' dir='ltr'>uerendum</span> <span class='ocrx_word' id='word_1_303' title='bbox 768 4022 834 4099; x_wconf 82' lang='lat' dir='ltr'>ert,</span> <span class='ocrx_word' id='word_1_304' title='bbox 862 4034 933 4079; x_wconf 81' lang='lat' dir='ltr'>nam</span> <span class='ocrx_word' id='word_1_305' title='bbox 955 4010 1050 4077; x_wconf 75' lang='lat' dir='ltr'>sena</span> <span class='ocrx_word' id='word_1_306' title='bbox 1068 4000 1213 4065; x_wconf 63' lang='lat' dir='ltr'>omnibu·</span> 
     </span>
     <span class='ocr_line' id='line_1_41' title="bbox 297 4087 847 4186; baseline 0.036 -39"><span class='ocrx_word' id='word_1_307' title='bbox 297 4087 408 4152; x_wconf 66' lang='lat' dir='ltr'>untur</span> <span class='ocrx_word' id='word_1_308' title='bbox 428 4098 594 4186; x_wconf 71' lang='lat' dir='ltr'>mutetur,</span> <span class='ocrx_word' id='word_1_309' title='bbox 615 4111 650 4167; x_wconf 85' lang='lat' dir='ltr'>ot</span> <span class='ocrx_word' id='word_1_310' title='bbox 669 4102 700 4168; x_wconf 84' lang='lat' dir='ltr'>id</span> <span class='ocrx_word' id='word_1_311' title='bbox 721 4101 847 4168; x_wconf 82' lang='lat' dir='ltr'>effloiat.</span> 
     </span>
    </p>
   </div>
   <div class='ocr_carea' id='block_1_3' title="bbox 0 0 1551 4775">
    <p class='ocr_par' dir='ltr' id='par_1_5' title="bbox 0 0 1551 4775">
     <span class='ocr_line' id='line_1_42' title="bbox 0 0 1551 4775; baseline 0 0"><span class='ocrx_word' id='word_1_312' title='bbox 0 0 1551 4775; x_wconf 95' lang='lat' dir='ltr'> </span> 
     </span>
    </p>
   </div>
  </div>
 </body>
</html>
