3075 4775
339 522 403 590 416
623 525 655 580 11.
675 525 779 583 Contio
799 526 831 582 D.
851 525 883 581 Ι.
904 527 981 582 nuth.

340 732 415 772 crux
437 713 532 792 ipsius
554 719 607 774 tua
628 715 690 775 sint
709 723 854 795 peccata,
876 733 955 796 quae
979 733 1048 776 oum
1069 715 1100 774 iu
1124 734 1160 774 se
1182 733 1265 776 rece-

339 796 420 876 perit
446 795 602 872 Christus,
636 816 691 876 pro
728 799 773 858 eis
805 817 927 879 quoque
965 796 1125 862 satisfecit.
1178 797 1266 858 Sicut

339 876 422 943 Esai.
445 881 494 943 53.
516 881 572 940 ait:
596 880 702 941 Posuit
713 881 863 941 Dominus
885 883 916 942 in
940 901 977 942 eo
1000 883 1178 962 iniquitates
1201 900 1264 941 om-

340 962 422 1022 nium
446 970 593 1024 nostrum.
636 961 677 1023 Et
698 967 726 1026 1.
748 963 813 1026 Pet.
836 967 871 1026 2:
901 965 970 1044 Ipse
997 966 1029 1025 in
1051 983 1108 1024 suo
1132 983 1264 1044 corpore

339 1054 446 1106 nostra
467 1056 596 1125 peccata
618 1047 742 1126 pertulit
769 1047 800 1106 in
831 1047 916 1128 ligno
940 1049 1048 1110 crucis.
1092 1047 1132 1107 m
1149 1045 1264 1106 Paulus

339 1131 369 1192 2.
392 1128 527 1189 Corinth.
551 1134 585 1192 δε
606 1127 702 1204 Eum,
731 1132 782 1208 qui
809 1137 971 1210 peccatum
995 1150 1058 1191 non
1081 1130 1183 1208 novit,
1207 1149 1264 1208 pro

340 1211 428 1272 nobis
442 1212 524 1272 Deus
546 1219 707 1292 peccatum
730 1213 812 1292 fecit,
835 1222 868 1274 ut
890 1233 946 1274 noe
967 1213 1158 1274 efficeremur
1178 1213 1264 1273 iusti·

339 1295 383 1355 na
403 1296 461 1354 Dei
485 1315 540 1374 per
560 1295 655 1355 ilium.

358 1415 364 1425 ·
422 1375 545 1452 Quanto
566 1379 658 1458 igitur
685 1379 782 1459 magis
812 1386 842 1440 te
871 1387 922 1439 tue
944 1380 1134 1440 conscientia
1156 1397 1263 1438 excru-

339 1461 416 1538 ciat,
440 1467 524 1522 tanto
547 1469 580 1529 tu
601 1459 716 1520 firmius
738 1481 776 1522 ac
798 1463 987 1522 constantius
1009 1461 1056 1524 his
1079 1469 1170 1540 atque
1193 1460 1263 1520 aliis

339 1543 487 1605 similibus
509 1547 668 1604 sententiis
691 1545 830 1604 inniteris
853 1565 890 1606 ec
912 1545 1029 1607 credes.
1059 1545 1136 1606 Nam
1159 1545 1184 1604 si
1208 1563 1264 1623 per

339 1628 554 1688 contritionem
578 1635 661 1687 tuam
685 1637 716 1686 et
727 1629 952 1690 satisfactiones
976 1628 1086 1688 sedare
1103 1628 1262 1688 conscien-

339 1711 413 1771 tiam
435 1718 545 1790 tentes,
568 1729 723 1790 nunquam
747 1716 848 1772 certus
871 1713 945 1790 eris,
971 1710 1026 1772 sed
1048 1720 1196 1791 perpetuo
1220 1709 1263 1770 la·

339 1793 414 1854 bore
444 1794 627 1870 exhaustus,
660 1793 784 1854 tandem
815 1796 906 1856 etiam
935 1793 975 1854 ad
1012 1793 1261 1874 desperationem

338 1875 481 1957 adigeris.

419 1960 527 2040 Neque
548 1960 739 2020 conscientia
758 1961 929 2021 consistere
949 1967 1062 2042 potest,
1085 1979 1153 2022 oum
1177 1957 1264 2018 videt

338 2051 518 2122 peccatum,
558 2042 648 2121 quale
675 2043 707 2102 in
730 2063 765 2103 se
795 2049 857 2121 est,
891 2045 1034 2124 agnoscit
1062 2044 1143 2102 enim
1166 2041 1263 2122 longe

339 2127 486 2186 maiorem
509 2126 570 2184 vim
594 2127 713 2204 peccati
736 2145 821 2205 csse,
856 2144 947 2205 quam
978 2135 1010 2186 ut
1032 2133 1157 2187 nostrae
1180 2124 1263 2184 vires

337 2208 417 2268 serre
442 2208 570 2287 possint.
626 2208 678 2267 Sin
710 2217 812 2268 cutem
843 2208 953 2270 viderit
983 2210 1125 2270 coniecta
1157 2208 1264 2268 omnia

339 2291 475 2350 omnium
504 2300 633 2369 peccate
667 2291 698 2349 in
720 2289 893 2370 Christum,
925 2300 956 2352 ct
985 2312 1039 2372 per
1073 2299 1202 2352 mortem
1232 2297 1264 2350 et

337 2373 591 2435 resurrectionem
631 2371 795 2437 crediderit
832 2396 870 2437 ea
902 2377 1002 2454 victa,
1041 2382 1105 2436 tum
1140 2375 1262 2450 sentiet

338 2476 430 2536 quam
462 2457 547 2518 nulla
583 2459 613 2517 iu
646 2465 777 2537 peccato
814 2460 859 2521 vis
894 2460 943 2520 sit.
991 2456 1261 2533 Quemadmodum

337 2542 417 2601 enim
440 2540 524 2601 nulla
547 2558 646 2621 neque
671 2542 842 2617 vulnerum,
866 2561 965 2622 neque
990 2540 1105 2603 doloris
1129 2542 1263 2621 vestigia

337 2625 468 2706 amplius
489 2625 519 2683 in
543 2643 672 2704 corpore
687 2624 799 2686 Christi
820 2625 957 2709 haerent,
981 2626 1025 2686 sic
1040 2633 1172 2707 peccate
1186 2643 1262 2705 quo-

337 2727 397 2789 quc
420 2709 524 2771 omnic
546 2727 602 2768 ceu
624 2708 723 2767 fumus
746 2716 946 2770 evanuerunt.

420 2792 521 2869 Atque
563 2793 608 2851 sie
639 2790 669 2853 S,
698 2790 853 2875 Paulus*)
896 2812 1019 2872 quoque
1050 2790 1141 2867 dicit,
1176 2788 1262 2871 quod

338 2874 474 2935 Christus
496 2882 623 2955 propter
644 2880 750 2935 nostra
772 2882 901 2955 peccata
922 2876 961 2936 sit
983 2885 1133 2951 mortuus,
1163 2893 1262 2934 resur-

335 2960 449 3019 rexerit
479 2965 581 3019 autem
609 2967 736 3037 propter
763 2956 1012 3020 iustificationem
1041 2958 1148 3019 nostri.
1192 2956 1263 3037 Hoc

337 3049 399 3119 est,
432 3042 535 3122 passio
566 3040 678 3108 Christi
706 3047 813 3101 nostra
847 3041 935 3102 nobis
965 3040 1100 3101 ostendit
1129 3047 1263 3120 peccata

336 3126 442 3204 sicque
479 3144 517 3185 ea
539 3124 635 3203 tollit,
668 3144 724 3203 per
752 3127 1008 3186 resurrectionem
1037 3129 1141 3183 autem
1163 3124 1261 3203 ipsius

335 3206 550 3286 iustificamur,
580 3213 612 3267 et
640 3207 678 3268 ab
707 3208 849 3268 omnibus
871 3208 1007 3289 peccatis
1030 3206 1211 3285 liberamur,
1234 3207 1262 3266 si

336 3291 429 3352 modo
452 3290 622 3353 credamus.

418 3372 675 3452 Quartodecimo,
711 3375 757 3433 siu
792 3381 894 3435 autem
927 3374 1096 3435 sentiamus
1119 3380 1261 3434 nostram

335 3457 590 3534 incredulitatem,
613 3457 695 3536 quod
718 3478 781 3517 non
802 3459 955 3539 possimus
979 3455 1068 3518 nohis
1084 3462 1169 3516 certo
1193 3474 1261 3537 per-

336 3539 465 3601 suadere
487 3542 546 3601 ista
567 3541 611 3599 sic
633 3560 717 3619 esse,
750 3540 868 3620 reliqua
891 3542 989 3602 oratio
1022 3548 1084 3617 est,
1119 3545 1154 3598 ut
1186 3545 1261 3599 aute

335 3624 525 3701 monuimus,
547 3623 586 3683 ad
609 3643 699 3701 quam
723 3624 954 3704 confugiamus,
986 3642 1056 3683 nam
1080 3628 1111 3683 et
1132 3621 1194 3683 hoo
1216 3629 1261 3683 to-

335 3712 398 3767 tum
420 3707 451 3766 in
475 3726 566 3766 manu
587 3708 645 3767 Dei
668 3714 730 3786 est,
765 3715 797 3767 et
818 3703 1089 3786 quemadmodum
1105 3724 1197 3785 supra
1220 3704 1261 3765 de

284 3863 287 3869 Ι
334 3790 480 3870 passione
503 3788 582 3866 dixi,
614 3791 657 3849 ita
685 3790 797 3850 etheo
818 3789 900 3868 aliis,
930 3798 960 3851 ut
983 3789 1145 3849 manifeste
1168 3790 1260 3849 senti-

335 3880 404 3952 ant,
436 3872 503 3932 aliis
539 3873 659 3932 occulte
688 3873 830 3935 donatur.
874 3872 951 3934 Sunt
979 3878 1083 3933 autem
1105 3870 1259 3951 quaedam

335 3957 413 4032 viae,
436 3954 545 4035 quibus
568 3954 606 4014 ad
628 3956 709 4017 hanc
730 3954 822 4017 fidem
845 3975 903 4017 nos
924 3957 1099 4020 invitemus.

406 4094 438 4163 *)
458 4095 540 4148 Rom.
558 4093 585 4146 4.
