<?xml version="1.0" encoding="UTF-8"?>
<!DOCTYPE html PUBLIC "-//W3C//DTD XHTML 1.0 Transitional//EN"
    "http://www.w3.org/TR/xhtml1/DTD/xhtml1-transitional.dtd">
<html xmlns="http://www.w3.org/1999/xhtml" xml:lang="en" lang="en">
 <head>
  <title>
</title>
<meta http-equiv="Content-Type" content="text/html;charset=utf-8" />
  <meta name='ocr-system' content='tesseract 3.04.00' />
  <meta name='ocr-capabilities' content='ocr_page ocr_carea ocr_par ocr_line ocrx_word'/>
</head>
<body>
  <div class='ocr_page' id='page_1' title='image "./operalatinavari02schmgoog_0509.png"; bbox 0 0 3075 4775; ppageno 0'>
   <div class='ocr_carea' id='block_1_1' title="bbox 612 520 1231 588">
    <p class='ocr_par' dir='ltr' id='par_1_1' title="bbox 612 520 1231 588">
     <span class='ocr_line' id='line_1_1' title="bbox 612 520 1231 588; baseline 0.016 -10"><span class='ocrx_word' id='word_1_1' title='bbox 612 528 710 578; x_wconf 88' lang='lat' dir='ltr'><strong>contra</strong></span> <span class='ocrx_word' id='word_1_2' title='bbox 726 524 789 580; x_wconf 84' lang='lat' dir='ltr'><strong>lch.</strong></span> <span class='ocrx_word' id='word_1_3' title='bbox 809 524 929 578; x_wconf 82' lang='lat' dir='ltr'><strong>Eccium.</strong></span> <span class='ocrx_word' id='word_1_4' title='bbox 1170 520 1231 588; x_wconf 81' lang='grc'><strong>503</strong></span> 
     </span>
    </p>
   </div>
   <div class='ocr_carea' id='block_1_2' title="bbox 270 711 1249 1546">
    <p class='ocr_par' dir='ltr' id='par_1_2' title="bbox 270 711 1249 1546">
     <span class='ocr_line' id='line_1_2' title="bbox 309 711 1229 794; baseline 0.002 -20"><span class='ocrx_word' id='word_1_5' title='bbox 309 711 454 774; x_wconf 78' lang='lat' dir='ltr'><strong>lariorum</strong></span> <span class='ocrx_word' id='word_1_6' title='bbox 483 712 710 775; x_wconf 85' lang='lat' dir='ltr'><strong>commentariis</strong></span> <span class='ocrx_word' id='word_1_7' title='bbox 738 711 893 794; x_wconf 84' lang='lat' dir='ltr'><strong>descripta</strong></span> <span class='ocrx_word' id='word_1_8' title='bbox 931 711 1108 776; x_wconf 73' lang='lat' dir='ltr'><strong>declarabit.</strong></span> <span class='ocrx_word' id='word_1_9' title='bbox 1150 711 1229 776; x_wconf 86' lang='lat' dir='ltr'><strong>Nam</strong></span> 
     </span>
     <span class='ocr_line' id='line_1_3' title="bbox 310 795 1227 879; baseline 0.001 -20"><span class='ocrx_word' id='word_1_10' title='bbox 310 805 342 859; x_wconf 88' lang='lat' dir='ltr'><strong>et</strong></span> <span class='ocrx_word' id='word_1_11' title='bbox 361 795 456 874; x_wconf 78' lang='lat' dir='ltr'><strong>baec,</strong></span> <span class='ocrx_word' id='word_1_12' title='bbox 489 798 516 858; x_wconf 90' lang='lat' dir='ltr'><strong>si</strong></span> <span class='ocrx_word' id='word_1_13' title='bbox 536 797 686 875; x_wconf 78' lang='lat' dir='ltr'><strong>licuisset,</strong></span> <span class='ocrx_word' id='word_1_14' title='bbox 724 797 819 858; x_wconf 89' lang='lat' dir='ltr'><strong>silens</strong></span> <span class='ocrx_word' id='word_1_15' title='bbox 851 795 1017 859; x_wconf 76' lang='lat' dir='ltr'><strong>malueram</strong></span> <span class='ocrx_word' id='word_1_16' title='bbox 1051 798 1227 879; x_wconf 81' lang='lat' dir='ltr'><strong>praeterire,</strong></span> 
     </span>
     <span class='ocr_line' id='line_1_4' title="bbox 309 879 1229 962; baseline 0.002 -21"><span class='ocrx_word' id='word_1_17' title='bbox 309 880 493 943; x_wconf 85' lang='lat' dir='ltr'><strong>immodeste</strong></span> <span class='ocrx_word' id='word_1_18' title='bbox 513 901 532 942; x_wconf 89' lang='lat' dir='ltr'><strong>a</strong></span> <span class='ocrx_word' id='word_1_19' title='bbox 554 901 603 942; x_wconf 88' lang='lat' dir='ltr'><strong>me</strong></span> <span class='ocrx_word' id='word_1_20' title='bbox 625 882 656 941; x_wconf 91' lang='lat' dir='ltr'><strong>in</strong></span> <span class='ocrx_word' id='word_1_21' title='bbox 679 879 765 941; x_wconf 89' lang='lat' dir='ltr'><strong>illum</strong></span> <span class='ocrx_word' id='word_1_22' title='bbox 787 900 826 942; x_wconf 92' lang='lat' dir='ltr'><strong>ne</strong></span> <span class='ocrx_word' id='word_1_23' title='bbox 839 880 964 943; x_wconf 89' lang='lat' dir='ltr'><strong>verbum</strong></span> <span class='ocrx_word' id='word_1_24' title='bbox 988 881 1110 962; x_wconf 90' lang='lat' dir='ltr'><strong>quidem</strong></span> <span class='ocrx_word' id='word_1_25' title='bbox 1135 882 1229 943; x_wconf 90' lang='lat' dir='ltr'><strong>ullum</strong></span> 
     </span>
     <span class='ocr_line' id='line_1_5' title="bbox 295 964 1235 1046; baseline 0.001 -19"><span class='ocrx_word' id='word_1_26' title='bbox 295 964 423 1027; x_wconf 41' lang='lat' dir='ltr'><strong>‘dictum</strong></span> <span class='ocrx_word' id='word_1_27' title='bbox 446 972 502 1026; x_wconf 85' lang='lat' dir='ltr'><strong>est.</strong></span> <span class='ocrx_word' id='word_1_28' title='bbox 533 964 665 1026; x_wconf 86' lang='lat' dir='ltr'>Proinde</span> <span class='ocrx_word' id='word_1_29' title='bbox 683 965 816 1025; x_wconf 86' lang='lat' dir='ltr'><strong>vicissim</strong></span> <span class='ocrx_word' id='word_1_30' title='bbox 839 965 985 1045; x_wconf 87' lang='lat' dir='ltr'><strong>obtestor,</strong></span> <span class='ocrx_word' id='word_1_31' title='bbox 1009 983 1102 1026; x_wconf 86' lang='lat' dir='ltr'><strong>causa</strong></span> <span class='ocrx_word' id='word_1_32' title='bbox 1115 974 1235 1046; x_wconf 58' lang='lat' dir='ltr'><strong>pugnet*</strong></span> 
     </span>
     <span class='ocr_line' id='line_1_6' title="bbox 308 1048 1249 1129; baseline -0.001 -20"><span class='ocrx_word' id='word_1_33' title='bbox 308 1068 371 1110; x_wconf 91' lang='lat' dir='ltr'><strong>non</strong></span> <span class='ocrx_word' id='word_1_34' title='bbox 406 1050 611 1110; x_wconf 85' lang='lat' dir='ltr'><strong>contumeliis.</strong></span> <span class='ocrx_word' id='word_1_35' title='bbox 663 1048 817 1109; x_wconf 80' lang='lat' dir='ltr'>Debemus</span> <span class='ocrx_word' id='word_1_36' title='bbox 854 1050 934 1109; x_wconf 89' lang='lat' dir='ltr'><strong>enim</strong></span> <span class='ocrx_word' id='word_1_37' title='bbox 969 1050 1104 1127; x_wconf 84' lang='lat' dir='ltr'><strong>ceritati,</strong></span> <span class='ocrx_word' id='word_1_38' title='bbox 1137 1068 1249 1129; x_wconf 90' lang='lat' dir='ltr'><strong>quam-</strong></span> 
     </span>
     <span class='ocr_line' id='line_1_7' title="bbox 310 1133 1228 1213; baseline 0.001 -22"><span class='ocrx_word' id='word_1_39' title='bbox 310 1133 417 1213; x_wconf 72' lang='lat' dir='ltr'><strong>uupio,</strong></span> <span class='ocrx_word' id='word_1_40' title='bbox 451 1135 494 1194; x_wconf 80' lang='lat' dir='ltr'><strong>ita</strong></span> <span class='ocrx_word' id='word_1_41' title='bbox 524 1152 573 1193; x_wconf 89' lang='lat' dir='ltr'><strong>rue</strong></span> <span class='ocrx_word' id='word_1_42' title='bbox 593 1133 675 1193; x_wconf 87' lang='lat' dir='ltr'><strong>Deus</strong></span> <span class='ocrx_word' id='word_1_43' title='bbox 703 1140 802 1210; x_wconf 87' lang='lat' dir='ltr'><strong>amet,</strong></span> <span class='ocrx_word' id='word_1_44' title='bbox 837 1149 875 1191; x_wconf 88' lang='lat' dir='ltr'><strong>ex</strong></span> <span class='ocrx_word' id='word_1_45' title='bbox 909 1135 1011 1192; x_wconf 88' lang='lat' dir='ltr'><strong>animo</strong></span> <span class='ocrx_word' id='word_1_46' title='bbox 1048 1133 1228 1193; x_wconf 84' lang='lat' dir='ltr'><strong>inviolatam</strong></span> 
     </span>
     <span class='ocr_line' id='line_1_8' title="bbox 270 1211 1227 1297; baseline 0.001 -22"><span class='ocrx_word' id='word_1_47' title='bbox 270 1214 277 1227; x_wconf 92' lang='lat'><strong><em>‘</em></strong></span> <span class='ocrx_word' id='word_1_48' title='bbox 309 1216 519 1297; x_wconf 80' lang='lat' dir='ltr'><strong>illaesamque.</strong></span> <span class='ocrx_word' id='word_1_49' title='bbox 556 1211 644 1291; x_wconf 76' lang='lat' dir='ltr'><strong>Quicd</strong></span> <span class='ocrx_word' id='word_1_50' title='bbox 667 1235 742 1276; x_wconf 89' lang='lat' dir='ltr'><strong>vero</strong></span> <span class='ocrx_word' id='word_1_51' title='bbox 765 1215 931 1276; x_wconf 75' lang='lat' dir='ltr'><strong>crassiores</strong></span> <span class='ocrx_word' id='word_1_52' title='bbox 945 1235 1002 1276; x_wconf 89' lang='lat' dir='ltr'><strong>nos</strong></span> <span class='ocrx_word' id='word_1_53' title='bbox 1025 1223 1121 1296; x_wconf 81' lang='lat' dir='ltr'><strong>putet,</strong></span> <span class='ocrx_word' id='word_1_54' title='bbox 1138 1234 1227 1295; x_wconf 84' lang='lat' dir='ltr'><strong>quum</strong></span> 
     </span>
     <span class='ocr_line' id='line_1_9' title="bbox 309 1297 1229 1378; baseline 0 -20"><span class='ocrx_word' id='word_1_55' title='bbox 309 1305 343 1359; x_wconf 91' lang='lat' dir='ltr'><strong>ut</strong></span> <span class='ocrx_word' id='word_1_56' title='bbox 363 1298 402 1360; x_wconf 94' lang='lat' dir='ltr'><strong>de</strong></span> <span class='ocrx_word' id='word_1_57' title='bbox 424 1300 603 1361; x_wconf 80' lang='lat' dir='ltr'><strong>sublimibus</strong></span> <span class='ocrx_word' id='word_1_58' title='bbox 627 1299 842 1378; x_wconf 79' lang='lat' dir='ltr'><strong>theologorum</strong></span> <span class='ocrx_word' id='word_1_59' title='bbox 867 1297 1097 1378; x_wconf 84' lang='lat' dir='ltr'><strong>quaestionibus</strong></span> <span class='ocrx_word' id='word_1_60' title='bbox 1114 1298 1229 1378; x_wconf 90' lang='lat' dir='ltr'><strong>aliquid</strong></span> 
     </span>
     <span class='ocr_line' id='line_1_10' title="bbox 310 1382 1229 1463; baseline 0 -21"><span class='ocrx_word' id='word_1_61' title='bbox 310 1383 508 1462; x_wconf 83' lang='lat' dir='ltr'><strong>attingamus,</strong></span> <span class='ocrx_word' id='word_1_62' title='bbox 529 1401 592 1444; x_wconf 91' lang='lat' dir='ltr'><strong>uon</strong></span> <span class='ocrx_word' id='word_1_63' title='bbox 618 1382 768 1463; x_wconf 89' lang='lat' dir='ltr'><strong>displicet.</strong></span> <span class='ocrx_word' id='word_1_64' title='bbox 813 1383 906 1443; x_wconf 86' lang='lat' dir='ltr'><strong>Modo</strong></span> <span class='ocrx_word' id='word_1_65' title='bbox 930 1384 1084 1462; x_wconf 87' lang='lat' dir='ltr'><strong>permittat</strong></span> <span class='ocrx_word' id='word_1_66' title='bbox 1112 1389 1143 1442; x_wconf 88' lang='lat' dir='ltr'><strong>et</strong></span> <span class='ocrx_word' id='word_1_67' title='bbox 1165 1382 1229 1442; x_wconf 90' lang='lat' dir='ltr'><strong>vul·</strong></span> 
     </span>
     <span class='ocr_line' id='line_1_11' title="bbox 309 1463 1230 1546; baseline 0.002 -22"><span class='ocrx_word' id='word_1_68' title='bbox 309 1484 366 1546; x_wconf 82' lang='lat' dir='ltr'><strong>gus</strong></span> <span class='ocrx_word' id='word_1_69' title='bbox 387 1463 593 1526; x_wconf 77' lang='lat' dir='ltr'><strong>Christianum</strong></span> <span class='ocrx_word' id='word_1_70' title='bbox 615 1465 654 1526; x_wconf 92' lang='lat' dir='ltr'><strong>de</strong></span> <span class='ocrx_word' id='word_1_71' title='bbox 676 1467 734 1546; x_wconf 87' lang='lat' dir='ltr'><strong>piis</strong></span> <span class='ocrx_word' id='word_1_72' title='bbox 755 1484 977 1544; x_wconf 88' lang='lat' dir='ltr'><strong>nonuunquam</strong></span> <span class='ocrx_word' id='word_1_73' title='bbox 999 1465 1230 1544; x_wconf 83' lang='lat' dir='ltr'><strong>quaestionibus</strong></span> 
     </span>
    </p>
   </div>
   <div class='ocr_carea' id='block_1_3' title="bbox 136 1546 1228 1645">
    <p class='ocr_par' dir='ltr' id='par_1_3' title="bbox 136 1546 1228 1645">
     <span class='ocr_line' id='line_1_12' title="bbox 136 1546 1228 1645; baseline 0 -36"><span class='ocrx_word' id='word_1_74' title='bbox 136 1624 138 1645; x_wconf 45' lang='grc' dir='ltr'>Ι</span> <span class='ocrx_word' id='word_1_75' title='bbox 202 1546 206 1552; x_wconf 87' lang='grc'><strong>’</strong></span> <span class='ocrx_word' id='word_1_76' title='bbox 310 1547 461 1626; x_wconf 77' lang='lat' dir='ltr'><strong>colloqui,</strong></span> <span class='ocrx_word' id='word_1_77' title='bbox 488 1556 581 1628; x_wconf 90' lang='lat' dir='ltr'><strong>atque</strong></span> <span class='ocrx_word' id='word_1_78' title='bbox 603 1548 682 1610; x_wconf 84' lang='lat' dir='ltr'><strong>adeo</strong></span> <span class='ocrx_word' id='word_1_79' title='bbox 705 1567 779 1628; x_wconf 79' lang='lat' dir='ltr'><strong>nos,</strong></span> <span class='ocrx_word' id='word_1_80' title='bbox 807 1550 858 1628; x_wconf 94' lang='lat' dir='ltr'><strong>qui</strong></span> <span class='ocrx_word' id='word_1_81' title='bbox 881 1568 899 1609; x_wconf 85' lang='lat' dir='ltr'><strong>c</strong></span> <span class='ocrx_word' id='word_1_82' title='bbox 921 1548 1099 1628; x_wconf 83' lang='lat' dir='ltr'><strong>theologiae</strong></span> <span class='ocrx_word' id='word_1_83' title='bbox 1121 1551 1228 1610; x_wconf 88' lang='lat' dir='ltr'><strong>studiis</strong></span> 
     </span>
    </p>
   </div>
   <div class='ocr_carea' id='block_1_4' title="bbox 308 1631 1229 1961">
    <p class='ocr_par' dir='ltr' id='par_1_4' title="bbox 308 1631 1229 1961">
     <span class='ocr_line' id='line_1_13' title="bbox 309 1631 1228 1712; baseline 0.002 -22"><span class='ocrx_word' id='word_1_84' title='bbox 309 1649 371 1693; x_wconf 90' lang='lat' dir='ltr'><strong>non</strong></span> <span class='ocrx_word' id='word_1_85' title='bbox 395 1633 521 1692; x_wconf 91' lang='lat' dir='ltr'><strong>omnino</strong></span> <span class='ocrx_word' id='word_1_86' title='bbox 544 1631 760 1710; x_wconf 82' lang='lat' dir='ltr'><strong>abhorremus,</strong></span> <span class='ocrx_word' id='word_1_87' title='bbox 796 1632 826 1691; x_wconf 92' lang='lat' dir='ltr'><strong>id</strong></span> <span class='ocrx_word' id='word_1_88' title='bbox 860 1651 957 1712; x_wconf 83' lang='lat' dir='ltr'><strong>genus</strong></span> <span class='ocrx_word' id='word_1_89' title='bbox 990 1632 1083 1691; x_wconf 90' lang='lat' dir='ltr'><strong>sacris</strong></span> <span class='ocrx_word' id='word_1_90' title='bbox 1111 1631 1228 1692; x_wconf 85' lang='lat' dir='ltr'><strong>deliciis</strong></span> 
     </span>
     <span class='ocr_line' id='line_1_14' title="bbox 309 1713 1229 1795; baseline 0.002 -20"><span class='ocrx_word' id='word_1_91' title='bbox 309 1715 444 1775; x_wconf 83' lang='lat' dir='ltr'><strong>animum</strong></span> <span class='ocrx_word' id='word_1_92' title='bbox 466 1733 687 1794; x_wconf 82' lang='lat' dir='ltr'><strong>nonnunquam</strong></span> <span class='ocrx_word' id='word_1_93' title='bbox 711 1734 848 1795; x_wconf 84' lang='lat' dir='ltr'><strong>pascere.</strong></span> <span class='ocrx_word' id='word_1_94' title='bbox 892 1713 1015 1790; x_wconf 77' lang='lat' dir='ltr'><strong>Quanto</strong></span> <span class='ocrx_word' id='word_1_95' title='bbox 1047 1716 1141 1780; x_wconf 84' lang='lat' dir='ltr'><strong>satius</strong></span> <span class='ocrx_word' id='word_1_96' title='bbox 1164 1724 1229 1777; x_wconf 87' lang='lat' dir='ltr'><strong>erat</strong></span> 
     </span>
     <span class='ocr_line' id='line_1_15' title="bbox 308 1795 1229 1878; baseline 0.001 -21"><span class='ocrx_word' id='word_1_97' title='bbox 308 1796 469 1877; x_wconf 84' lang='lat' dir='ltr'><strong>parvulos,</strong></span> <span class='ocrx_word' id='word_1_98' title='bbox 502 1800 533 1857; x_wconf 91' lang='lat' dir='ltr'><strong>iu</strong></span> <span class='ocrx_word' id='word_1_99' title='bbox 556 1799 665 1878; x_wconf 85' lang='lat' dir='ltr'><strong>quibus</strong></span> <span class='ocrx_word' id='word_1_100' title='bbox 686 1818 744 1860; x_wconf 90' lang='lat' dir='ltr'><strong>nos</strong></span> <span class='ocrx_word' id='word_1_101' title='bbox 767 1817 890 1878; x_wconf 88' lang='lat' dir='ltr'><strong>quoque</strong></span> <span class='ocrx_word' id='word_1_102' title='bbox 912 1817 1032 1875; x_wconf 86' lang='lat' dir='ltr'><strong>sumus,</strong></span> <span class='ocrx_word' id='word_1_103' title='bbox 1062 1795 1170 1859; x_wconf 83' lang='lat' dir='ltr'><strong>favore</strong></span> <span class='ocrx_word' id='word_1_104' title='bbox 1191 1819 1229 1858; x_wconf 86' lang='lat' dir='ltr'><strong>uu</strong></span> 
     </span>
     <span class='ocr_line' id='line_1_16' title="bbox 310 1880 1228 1961; baseline 0 -19"><span class='ocrx_word' id='word_1_105' title='bbox 310 1880 412 1942; x_wconf 79' lang='lat' dir='ltr'><strong>studio</strong></span> <span class='ocrx_word' id='word_1_106' title='bbox 446 1882 581 1941; x_wconf 86' lang='lat' dir='ltr'><strong>animare</strong></span> <span class='ocrx_word' id='word_1_107' title='bbox 608 1880 654 1941; x_wconf 79' lang='lat' dir='ltr'><strong>‘ad</strong></span> <span class='ocrx_word' id='word_1_108' title='bbox 677 1883 745 1961; x_wconf 87' lang='lat' dir='ltr'><strong>piae</strong></span> <span class='ocrx_word' id='word_1_109' title='bbox 767 1882 885 1958; x_wconf 81' lang='lat' dir='ltr'><strong>literas,</strong></span> <span class='ocrx_word' id='word_1_110' title='bbox 908 1884 986 1960; x_wconf 81' lang='lat' dir='ltr'><strong>imo,</strong></span> <span class='ocrx_word' id='word_1_111' title='bbox 1015 1882 1135 1941; x_wconf 87' lang='lat' dir='ltr'><strong>etiamsi</strong></span> <span class='ocrx_word' id='word_1_112' title='bbox 1157 1881 1228 1961; x_wconf 88' lang='lat' dir='ltr'><strong>quid</strong></span> 
     </span>
    </p>
   </div>
   <div class='ocr_carea' id='block_1_5' title="bbox 136 1962 1227 2044">
    <p class='ocr_par' dir='ltr' id='par_1_5' title="bbox 136 1962 1227 2044">
     <span class='ocr_line' id='line_1_17' title="bbox 136 1962 1227 2044; baseline 0.003 -22"><span class='ocrx_word' id='word_1_113' title='bbox 136 1980 138 2003; x_wconf 64' lang='lat'>³</span> <span class='ocrx_word' id='word_1_114' title='bbox 219 2005 223 2023; x_wconf 81' lang='grc'>,</span> <span class='ocrx_word' id='word_1_115' title='bbox 309 1962 522 2042; x_wconf 85' lang='lat' dir='ltr'><strong>delinquerent</strong></span> <span class='ocrx_word' id='word_1_116' title='bbox 549 1984 605 2044; x_wconf 87' lang='lat' dir='ltr'><strong>per</strong></span> <span class='ocrx_word' id='word_1_117' title='bbox 630 1964 883 2044; x_wconf 83' lang='lat' dir='ltr'><strong>imprudentium,</strong></span> <span class='ocrx_word' id='word_1_118' title='bbox 916 1966 1098 2044; x_wconf 84' lang='lat' dir='ltr'><strong>connivere,</strong></span> <span class='ocrx_word' id='word_1_119' title='bbox 1136 1983 1227 2044; x_wconf 87' lang='lat' dir='ltr'><strong>quam</strong></span> 
     </span>
    </p>
   </div>
   <div class='ocr_carea' id='block_1_6' title="bbox 307 2046 1229 2444">
    <p class='ocr_par' dir='ltr' id='par_1_6' title="bbox 308 2046 971 2127">
     <span class='ocr_line' id='line_1_18' title="bbox 308 2046 971 2127; baseline 0.003 -20"><span class='ocrx_word' id='word_1_120' title='bbox 308 2046 484 2108; x_wconf 88' lang='lat' dir='ltr'><strong>huiusmodi</strong></span> <span class='ocrx_word' id='word_1_121' title='bbox 506 2049 630 2127; x_wconf 83' lang='lat' dir='ltr'><strong>tragicis</strong></span> <span class='ocrx_word' id='word_1_122' title='bbox 653 2046 782 2107; x_wconf 90' lang='lat' dir='ltr'><strong>vocibus</strong></span> <span class='ocrx_word' id='word_1_123' title='bbox 807 2046 971 2109; x_wconf 85' lang='lat' dir='ltr'><strong>deterrere.</strong></span> 
     </span>
    </p>

    <p class='ocr_par' dir='ltr' id='par_1_7' title="bbox 307 2129 1229 2444">
     <span class='ocr_line' id='line_1_19' title="bbox 391 2129 1229 2208; baseline 0.001 -19"><span class='ocrx_word' id='word_1_124' title='bbox 391 2129 484 2208; x_wconf 74' lang='lat' dir='ltr'><strong>Vale,</strong></span> <span class='ocrx_word' id='word_1_125' title='bbox 507 2132 548 2190; x_wconf 92' lang='lat' dir='ltr'><strong>mi</strong></span> <span class='ocrx_word' id='word_1_126' title='bbox 570 2131 683 2207; x_wconf 84' lang='lat' dir='ltr'><strong>lector,</strong></span> <span class='ocrx_word' id='word_1_127' title='bbox 713 2140 745 2192; x_wconf 95' lang='lat' dir='ltr'><strong>et</strong></span> <span class='ocrx_word' id='word_1_128' title='bbox 765 2131 977 2193; x_wconf 83' lang='lat' dir='ltr'><strong>defensionem</strong></span> <span class='ocrx_word' id='word_1_129' title='bbox 995 2139 1132 2193; x_wconf 83' lang='lat' dir='ltr'><strong>nostrum</strong></span> <span class='ocrx_word' id='word_1_130' title='bbox 1155 2129 1229 2191; x_wconf 90' lang='lat' dir='ltr'><strong>boni</strong></span> 
     </span>
     <span class='ocr_line' id='line_1_20' title="bbox 307 2213 1228 2295; baseline 0.001 -21"><span class='ocrx_word' id='word_1_131' title='bbox 307 2213 444 2274; x_wconf 88' lang='lat' dir='ltr'><strong>consule.</strong></span> <span class='ocrx_word' id='word_1_132' title='bbox 486 2214 564 2274; x_wconf 88' lang='lat' dir='ltr'><strong>Nam</strong></span> <span class='ocrx_word' id='word_1_133' title='bbox 588 2221 621 2276; x_wconf 94' lang='lat' dir='ltr'><strong>et</strong></span> <span class='ocrx_word' id='word_1_134' title='bbox 642 2216 709 2295; x_wconf 87' lang='lat' dir='ltr'><strong>ipse</strong></span> <span class='ocrx_word' id='word_1_135' title='bbox 730 2217 817 2275; x_wconf 87' lang='lat' dir='ltr'><strong>testis</strong></span> <span class='ocrx_word' id='word_1_136' title='bbox 850 2215 1055 2294; x_wconf 69' lang='lat' dir='ltr'><strong>euthimius,</strong></span> <span class='ocrx_word' id='word_1_137' title='bbox 1089 2215 1228 2295; x_wconf 86' lang='lat' dir='ltr'><strong>potuisse</strong></span> 
     </span>
     <span class='ocr_line' id='line_1_21' title="bbox 308 2296 1226 2380; baseline 0.002 -24"><span class='ocrx_word' id='word_1_138' title='bbox 308 2305 362 2356; x_wconf 77' lang='lat' dir='ltr'><strong>uus·</strong></span> <span class='ocrx_word' id='word_1_139' title='bbox 378 2296 459 2357; x_wconf 86' lang='lat' dir='ltr'><strong>banc</strong></span> <span class='ocrx_word' id='word_1_140' title='bbox 480 2315 605 2358; x_wconf 81' lang='lat' dir='ltr'><strong>causam</strong></span> <span class='ocrx_word' id='word_1_141' title='bbox 635 2300 790 2380; x_wconf 85' lang='lat' dir='ltr'><strong>plerisque</strong></span> <span class='ocrx_word' id='word_1_142' title='bbox 812 2299 888 2358; x_wconf 89' lang='lat' dir='ltr'><strong>locis</strong></span> <span class='ocrx_word' id='word_1_143' title='bbox 918 2299 1100 2360; x_wconf 86' lang='lat' dir='ltr'><strong>invidiosius</strong></span> <span class='ocrx_word' id='word_1_144' title='bbox 1123 2315 1226 2378; x_wconf 83' lang='lat' dir='ltr'><strong>agere,</strong></span> 
     </span>
     <span class='ocr_line' id='line_1_22' title="bbox 307 2380 1228 2444; baseline 0.001 -4"><span class='ocrx_word' id='word_1_145' title='bbox 307 2381 333 2441; x_wconf 89' lang='lat' dir='ltr'><strong>si</strong></span> <span class='ocrx_word' id='word_1_146' title='bbox 360 2381 463 2440; x_wconf 86' lang='lat' dir='ltr'><strong>animo</strong></span> <span class='ocrx_word' id='word_1_147' title='bbox 495 2380 620 2443; x_wconf 89' lang='lat' dir='ltr'><strong>liberius</strong></span> <span class='ocrx_word' id='word_1_148' title='bbox 648 2382 853 2443; x_wconf 86' lang='lat' dir='ltr'><strong>indulsissem.</strong></span> <span class='ocrx_word' id='word_1_149' title='bbox 906 2383 1018 2444; x_wconf 89' lang='lat' dir='ltr'><strong>lterum</strong></span> <span class='ocrx_word' id='word_1_150' title='bbox 1046 2382 1136 2444; x_wconf 86' lang='lat' dir='ltr'><strong>Vale.</strong></span> <span class='ocrx_word' id='word_1_151' title='bbox 1180 2381 1228 2442; x_wconf 79' lang='lat' dir='ltr'><strong>Ex</strong></span> 
     </span>
    </p>
   </div>
   <div class='ocr_carea' id='block_1_7' title="bbox 306 2463 926 2612">
    <p class='ocr_par' dir='ltr' id='par_1_8' title="bbox 306 2463 926 2612">
     <span class='ocr_line' id='line_1_23' title="bbox 306 2463 853 2545; baseline 0.015 -24"><span class='ocrx_word' id='word_1_152' title='bbox 306 2463 413 2524; x_wconf 87' lang='lat' dir='ltr'><strong>inclita</strong></span> <span class='ocrx_word' id='word_1_153' title='bbox 434 2463 590 2526; x_wconf 77' lang='lat' dir='ltr'><strong>saxoniae</strong></span> <span class='ocrx_word' id='word_1_154' title='bbox 611 2465 853 2545; x_wconf 83' lang='lat' dir='ltr'><strong>Vuittemberga.</strong></span> 
     </span>
     <span class='ocr_line' id='line_1_24' title="bbox 608 2548 926 2612; baseline 0.009 -3"><span class='ocrx_word' id='word_1_155' title='bbox 608 2548 700 2610; x_wconf 84' lang='lat' dir='ltr'><strong>Anno</strong></span> <span class='ocrx_word' id='word_1_156' title='bbox 723 2548 763 2609; x_wconf 85' lang='lat' dir='ltr'><strong>ll.</strong></span> <span class='ocrx_word' id='word_1_157' title='bbox 787 2550 824 2612; x_wconf 90' lang='lat' dir='ltr'><strong>D.</strong></span> <span class='ocrx_word' id='word_1_158' title='bbox 848 2549 926 2612; x_wconf 89' lang='lat' dir='ltr'><strong>XIX.</strong></span> 
     </span>
    </p>
   </div>
   <div class='ocr_carea' id='block_1_8' title="bbox 0 0 1542 4775">
    <p class='ocr_par' dir='ltr' id='par_1_9' title="bbox 0 0 1542 4775">
     <span class='ocr_line' id='line_1_25' title="bbox 0 0 1542 4775; baseline 0 1"><span class='ocrx_word' id='word_1_159' title='bbox 0 0 1542 4775; x_wconf 95' lang='lat' dir='ltr'><strong> </strong></span> 
     </span>
    </p>
   </div>
  </div>
 </body>
</html>
