3075 4775
346 534 410 600 248
487 591 492 607 ,
577 534 669 589 maol.
689 536 716 588 t.
736 548 822 603 super
840 532 1027 603 Prcpoaitioa.

348 732 422 786 nats
442 724 482 786 ab
505 723 648 799 ecclesia,
668 723 753 783 velut
771 722 840 784 illa:
861 723 1029 784 Deustacit
1041 724 1165 802 malum,
1189 724 1280 783 Deus*
1374 751 1377 786 ι

248 852 258 865 ,
348 828 411 869 ιιοιι
434 808 507 868 facit
529 808 667 867 malum?
688 806 873 887 Quanquam
896 826 957 886 ego
973 809 1090 883 nescio,
1112 826 1152 867 an
1175 807 1277 867 eccle·
1374 837 1377 871 i

350 893 396 951 sia
418 892 524 967 tuerit,
548 891 718 970 quaahasc
739 890 906 951 damnavit.
935 890 1028 951 -Nsm
1046 892 1182 951 ecclesia
1210 910 1277 951 non
1374 923 1377 956 ÷

350 974 444 1035 habet
473 981 660 1053 potestatem
683 974 851 1034 damnandi
880 993 1059 1055 expressam
1087 976 1277 1035 mantiam
1375 1007 1376 1014 ι

350 1076 457 1117 sacrae
479 1057 671 1137 Scripturae,
703 1058 796 1117 etiam
819 1057 857 1117 ad
880 1058 1006 1119 verbnm
1027 1060 1059 1118 in
1073 1064 1168 1118 textu
1192 1059 1278 1136 posi·
1375 1091 1376 1128 ι

349 1148 421 1218 tam,
444 1160 516 1201 nam
537 1142 609 1202 illa:
631 1141 715 1199 Deus
736 1141 811 1201 iacit
831 1140 957 1214 malum,
980 1160 1127 1220 expresse
1146 1142 1280 1219 ponitur
1375 1177 1376 1180 =

348 1225 421 1285 an.
441 1227 491 1289 46.
515 1223 653 1285 etAmos
668 1226 697 1287 3.
720 1230 751 1283 et
774 1224 876 1284 multis
897 1225 964 1284 aliis
986 1226 1082 1300 loais3
1108 1244 1168 1283 nea
1189 1223 1278 1302 quid·

349 1327 440 1387 quam
462 1308 546 1381 facit,
571 1306 653 1385 quod
679 1307 805 1383 dicitur,
827 1314 954 1387 propter
974 1308 1198 1368 haereticorum
1222 1307 1277 1366 fal·
1375 1359 1376 1376 ,

354 1410 420 1451 sam
443 1390 677 1469 intelligentiam
707 1410 776 1451 esse.
799 1391 952 1452 damnata.
995 1392 1065 1451 Non
1099 1397 1170 1450 sunt
1191 1390 1279 1451 dam·
1375 1426 1376 1453 ι

352 1472 493 1551 nanda1)
520 1472 694 1551 Scripturae
722 1472 816 1534 verba
844 1480 970 1554 propter
988 1474 1279 1552 cuiuscunque‘fal-
1372 1457 1376 1532 ι

351 1577 417 1617 sam
441 1556 686 1636 intelligentiam.
730 1556 855 1635 Alioqui
877 1556 1085 1618 damnandum
1106 1558 1163 1617 erit
1184 1576 1279 1637 prop·
1375 1607 1376 1616 ,

350 1646 396 1702 tar
418 1640 550 1700 Arianos
573 1645 604 1699 et
626 1639 716 1699 illud:
739 1640 829 1702 Pater
850 1642 948 1701 maior
969 1660 1018 1701 mc
1040 1647 1100 1701 est:
1122 1642 1185 1700 imo
1208 1645 1277 1700 tota
1374 1679 1376 1714 ,

278 1766 282 1776 ι
350 1722 507 1801 Scriptura
529 1720 704 1783 damnanda
726 1724 793 1799 erit,
811 1729 843 1783 et
864 1723 951 1800 sola,
975 1743 1043 1783 cum
1066 1744 1084 1783 e
1107 1723 1193 1785 nulla
1213 1724 1278 1783 alia
1375 1773 1376 1796 ,

351 1806 495 1865 haereses
520 1813 609 1865 ortae
631 1807 701 1867 sint.
746 1805 826 1881 Quid
839 1816 941 1867 autem
956 1808 1093 1867 insanius
1109 1808 1176 1865 isto
1187 1826 1278 1885 prae-

352 1890 429 1949 sumi
452 1894 509 1967 pot
498 1888 579 1949 test?
601 1888 690 1949 Absit
679 1890 857 1967 tuenim,
859 1891 960 1969 tpius
982 1898 1014 1950 et
1036 1890 1167 1970 simplex
1191 1890 1278 1949 Chri-

258 1979 262 1989 ’
350 1973 466 2033 stianus
485 1970 692 2051 quidquam
684 1992 716 2032 m
751 1974 846 2032 sacris
873 1972 969 2033 literis
1003 1980 1087 2033 recte
1118 1972 1277 2049 didicerit,

351 2054 444 2134 quod,
454 2054 528 2115 ubi
520 2075 551 2114 ιιι
563 2054 713 2134 quostiam
729 2055 953 2136 inquisitores
945 2057 1107 2136 1mpegerit
1108 2102 1116 2132 ,
1140 2075 1275 2133 quorum
1375 2103 1377 2131 ζ

351 2137 446 2219 pedes
468 2137 593 2198 veloces
614 2137 653 2197 ad
677 2136 895 2199 effundendum
917 2140 1108 2219 sanguinem,
1133 2146 1274 2218 cogatur,
1374 2181 1377 2200 ι

296 2271 299 2276 .
350 2228 477 2316 propter
511 2219 640 2280 aliorum
676 2222 783 2290 falsam
817 2221 1050 2319 intelligentiam
1084 2222 1286 2319 damnatam·

350 2305 418 2400 ipse
440 2321 564 2383 qnoque
586 2303 740 2364 damnare.
784 2303 863 2368 Nam
897 2304 955 2363 hac
983 2306 1104 2365 ratione
1125 2307 1206 2364 viam
1230 2305 1274 2364 fa·
1375 2349 1376 2378 ι

352 2379 467 2446 ciemus
489 2388 585 2447 semel
606 2389 780 2448 universam
813 2389 907 2452 sacris
945 2388 1040 2449 literis
1075 2390 1274 2449 autoritatem

352 2469 616 2565 convellendi,et
586 2477 762 2551 etsurgen
785 2473 923 2531 omnium
944 2471 1226 2551 blasphemorum
1216 2492 1273 2531 rm-

350 2553 462 2631 piisimi
485 2553 527 2612 illi
550 2553 825 2633 blasphematores,
848 2556 900 2634 qui
923 2554 1028 2616 dicunt
1042 2555 1173 2621 Biblia²t
1201 2574 1274 2615 esse

349 2635 458 2696 librum
471 2636 705 2715 haereticorum,
729 2635 921 2700 Christianos
935 2645 1079 2718 oportere
1094 2638 1164 2698 aliis
1177 2638 1273 2708 libris,

350 2719 468 2780 scilicet
489 2719 671 2796 Doctorum,
693 2739 763 2780 sese
785 2721 873 2782 tueri.

427 2797 479 2861 'lta
499 2803 624 2863 invenio
663 2808 694 2862 et
726 2803 756 2861 in
779 2802 1006 2864 Constantianai
1041 2803 1175 2864 concilio
1209 2803 1272 2864 duo

349 2887 510 2944 contraria.
554 2885 685 2944 Primum
703 2886 938 2946 determinatum
950 2884 1013 2946 illic
1026 2895 1082 2960 est,
1105 2886 1271 2946 concilium

349 2985 418 3026 esse
450 2987 541 3046 supra
567 2987 694 3046 papam,
733 2969 815 3046 quod
848 2987 908 3047 ego
937 2971 1127 3028 verissimum
1155 2969 1271 3030 iudico.

347 3050 426 3109 Nam
448 3058 480 3110 et
501 3051 535 3111 B.
558 3051 763 3130 Hieronymus
795 3053 834 3111 ad
855 3052 1020 3131 Evagrium
1044 3052 1131 3112 dicit:
1164 3051 1196 3112 Si
1219 3052 1271 3112 au·
1375 3058 1376 3111 1

349 3135 455 3192 toritas
478 3135 646 3212 quaeritur,
683 3136 784 3195 maior
813 3140 862 3193 est
885 3135 967 3195 orbis
1005 3135 1088 3194 urbe
1131 3135 1178 3194 Ita
1204 3141 1273 3196 tota

322 3214 324 3234 '
350 3216 483 3276 ecclesia
504 3218 603 3275 maior
625 3223 672 3274 est
694 3237 757 3276 una
776 3217 919 3277 Romana
940 3219 1088 3278 ecclesia:
1113 3225 1207 3296 atque
1229 3219 1272 3277 ita
1375 3232 1377 3242 ¹

348 3299 489 3358 Romana
511 3299 643 3358 ecclesia
666 3319 726 3359 non
759 3307 920 3380 estsuper
945 3301 1149 3360 universalem
1172 3308 1270 3360 totam

349 3383 529 3457 ecclesiam,
551 3382 604 3441 sed
628 3390 754 3454 contra,
777 3389 843 3443 tota
866 3383 998 3443 ecclesia
1023 3392 1071 3453 (et
1084 3383 1271 3458 concilium,

348 3464 430 3541 quod
451 3463 535 3522 illam
550 3464 778 3546 repraesentat)
792 3485 886 3544 super
898 3467 1068 3526 Romanam
1093 3467 1268 3542 ecclesiam,

349 3548 427 3606 siout
454 3564 545 3626 super
576 3547 745 3626 quamlibet
774 3549 867 3619 aliam
886 3550 1131 3628 particularem,
1171 3558 1269 3611 totum

350 3649 472 3709 quoquc
494 3630 592 3690 maius
615 3643 662 3690 est
685 3651 741 3690 sua
762 3638 859 3711 parte,
882 3651 949 3692 cum
972 3633 1114 3693 Romana
1135 3635 1271 3694 ecclesia

352 3733 422 3791 pars
444 3714 483 3772 sit
505 3714 598 3773 totius
621 3711 773 3774 ecclesiae
794 3716 986 3778 universalia.

432 3795 522 3870 Quod
545 3795 673 3861 sihaea
704 3815 779 3858 vcra
799 3806 887 3875 sunt,
920 3801 1064 3879 apparet,
1103 3800 1269 3861 concilium

388 4037 416 4098 t)
440 4035 469 4086 n
489 4031 550 4086 edu.
570 4035 654 4104 orig:
674 4033 856 4088 damnatae.
894 4036 1031 4106 aunis:
1051 4010 1180 4092 aronam.
1198 4055 1217 4087 ·.
