3075 4775
495 581 497 587 2
555 563 566 574 ”
598 551 758 608 »notoriis
774 555 912 622 meopte:
940 544 944 557 '
977 584 995 590 ··
1152 547 1193 618 25

271 739 356 802 lionii
379 739 556 821 empleotor
577 747 610 802 et
631 760 757 822 sequor..
794 741 864 804 Eoo
878 761 971 803 unum
994 741 1087 818 eddo,
1110 742 1192 823 quod

272 843 327 906 pro
358 825 534 886 reverentie
555 826 665 886 summi
686 825 844 888 Pontillois
872 834 904 887 et
924 827 1014 888 Rom.
1043 826 1195 910 eoolesioe

274 906 375 968 libens
399 900 484 968 hono
506 909 675 987 materiem,
697 929 759 970 nou
782 911 988 973 neeessariam
1001 918 1033 972 st
1055 911 1129 972 mire
1150 912 1193 971 in·
1294 969 1297 973 ,
1361 897 1368 917 ’

276 989 429 1052 vidiosem
462 993 753 1072 praetermisissem,
786 994 845 1055 nisi
871 1013 929 1075 per
948 994 1193 1077 propositionem

276 1074 393 1156 egregii
424 1072 483 1134 Do.
506 1074 543 1139 D.
571 1075 722 1138 Johouuis
750 1077 836 1138 Eouii
867 1078 898 1138 iu
928 1096 996 1138 eom
1022 1084 1193 1160 pertruetus

275 1157 413 1218 fuissem.
457 1156 559 1218 Doleo
591 1160 681 1222 etiem
705 1178 760 1222 eos
788 1180 851 1222 non
874 1159 998 1239 edesse,
1032 1180 1112 1242 quos
1133 1181 1195 1223 me·
1264 1193 1274 1200 -

274 1241 359 1302 xime
382 1241 530 1320 oportuit7
551 1243 603 1320 qui
617 1261 685 1304 oum
708 1248 739 1304 et
752 1245 894 1324 privatim
917 1250 948 1305 et
967 1240 1091 1325 publioe
1102 1245 1195 1306 toties

275 1322 470 1386 meerimiue·
489 1322 658 1388 haereseos
673 1326 884 1407 profanarum,
906 1346 989 1402 pune
1010 1346 1079 1388 oum
1100 1329 1194 1389 instet

276 1407 417 1488 oognitio
441 1424 570 1488 enasse,
592 1429 627 1470 se
648 1409 880 1489 subtraxerunt,
902 1410 1077 1472 hoeretioee
1097 1411 1195 1491 provi-

276 1491 349 1552 tatis
371 1489 573 1570 Inquisitores
602 1491 691 1570 dieo,
726 1495 778 1574 qui
808 1495 973 1556 fraternum
994 1493 1195 1555 monitionem

277 1581 308 1666 ‘l
330 1572 505 1636 doctrinam
526 1582 767 1658 postposuerunt
788 1575 1049 1641 criminationibus
1072 1577 1144 1638 suis.

276 1820 465 1890 disputatione
486 1815 669 1870 Corolostndii
694 1815 720 1869 ei
738 1817 813 1870 lieoii
831 1817 876 1872 die
902 1817 1003 1871 xxvu
1019 1817 1097 1872 Junii
1126 1819 1197 1872 hors

276 1891 401 1944 seeundo
419 1892 459 1943 ite
478 1889 587 1960 prolato
604 1887 706 1941 ibidem
727 1887 843 1958 legitur:

328 1996 358 2066 l)
381 1993 1195 2066 ProtestetioOsrolostediiperrespondentem

614 2067 682 2120 sibi
703 2067 859 2121 eletere

350 2175 445 2227 Primo
464 2171 532 2226 illud
551 2177 686 2226 testemur
714 2179 740 2227 et
758 2175 860 2243 ubique
879 2181 1008 2228 testatum
1035 2192 1097 2230 esse
1122 2143 1198 2230 volu-

194 2261 197 2270 ’
278 2263 358 2312 mus,
388 2260 526 2314 nusquam
546 2245 581 2297 eb
608 2243 724 2298 ecclesie
744 2246 883 2300 catholice
907 2246 940 2298 od
971 2244 1056 2300 lotum
1079 2248 1196 2318 digitum

276 2334 326 2373 uos
356 2317 428 2372 velle
452 2315 610 2380 discedere„
633 2315 705 2384 quod
727 2319 751 2370 si
769 2317 906 2372 eiusmodi
926 2319 992 2389 quid
1012 2317 1198 2389 deprehenda-

278 2396 324 2445 tur
343 2406 401 2445 non
422 2388 515 2443 dedite
533 2403 632 2457 opero,
653 2388 700 2441 sed
721 2390 843 2443 humone
860 2392 971 2443 inscitie
988 2391 1122 2461 elapsum,
1140 2393 1197 2445 iem

280 2480 354 2516 nuno
375 2478 428 2531 pro
446 2467 589 2513 reeentsto
601 2460 703 2514 hebere
721 2462 859 2515 volumus.
894 2462 954 2536 ileo
970 2466 1141 2517 eruditorum
1159 2465 1199 2515 io-

278 2532 352 2589 dieio
364 2534 518 2617 prosimus,
537 2532 770 2600 neopubliosrum
782 2534 940 2589 scholarum
956 2537 1199 2603 auetoritatipree
1239 2545 1243 2554 '

277 2606 442 2681 iudicemus.
465 2604 575 2657 iterent
592 2604 731 2657 incolume
750 2622 831 2658 suum
846 2608 945 2673 cuique
962 2607 1104 2673 iudicium,
1123 2606 1200 2661 dum·

278 2677 362 2732 ruodo
376 2678 593 2745 seripturesuou
615 2691 665 2744 per
677 2676 817 2739 nebulum,
839 2677 888 2730 sed
907 2696 943 2731 ex
961 2679 1071 2748 integro
1092 2684 1197 2732 tractet.

279 2750 368 2803 Sacris
387 2752 479 2801 sutem
501 2748 644 2816 scripturis
663 2747 738 2801 huno
753 2748 891 2802 honorem
911 2750 1105 2819 impendimus,
1123 2748 1197 2819 quod

279 2820 351 2873 nihil
371 2822 432 2875 sine
450 2820 483 2871 iis
503 2823 551 2871 eut
563 2834 687 2872 asserere
706 2822 885 2889 outreoipere
896 2822 1035 2891 volumus,
1052 2823 1082 2873 in
1100 2822 1198 2873 ueteris

279 2897 383 2958 sutem,
404 2906 475 2959 quse
494 2905 549 2942 non
567 2889 671 2959 liquide
691 2890 754 2945 hino
773 2891 866 2946 doceri
884 2898 1011 2962 possunt,
1029 2892 1097 2946 solis
1113 2892 1197 2944 eccle

280 2966 385 3016 stolicis
397 2964 502 3033 primes
515 2961 622 3026 demus,
642 2978 693 3015 nee
708 2964 743 3016 eb
761 2964 796 3016 iis
809 2964 986 3029 discedimus,
1005 2979 1076 3033 quse
1095 2967 1125 3016 tn
1143 2965 1198 3031 epi·

279 3036 352 3088 stolo
366 3034 401 3087 od
416 3035 443 3087 D.
456 3033 578 3098 Essiam,
597 3042 735 3102 quaeest:
754 3034 816 3089 Nisi
831 3038 1036 3089 sanctissimum
1046 3037 1075 3087 in
1087 3034 1197 3089 Christo

278 3113 403 3175 petrem,
422 3106 514 3159 testati
544 3104 654 3172 eunius,
683 3104 730 3159 sed
751 3121 785 3161 ee
803 3124 876 3160 nuno
904 3124 1012 3176 quoque
1030 3108 1145 3176 perinde
1166 3114 1196 3159 ut

280 3184 363 3232 nutes
383 3184 525 3231 testemur.

561 3248 787 3303 Proteststio
807 3245 911 3302 Eucti.

279 3318 422 3372 lnvonssit
439 3318 584 3372 auxilium.

351 3391 493 3443 Protestor
511 3406 563 3459 pro
582 3390 757 3459 simplicitate
775 3390 945 3461 theologico:
965 3392 1036 3444 sieut
1053 3391 1107 3445 hou
1125 3406 1196 3445 onus

283 3461 318 3514 ud
337 3460 449 3515 leudem
469 3461 522 3525 dei,
542 3462 675 3517 ecelesiae
692 3462 839 3525 honorem,
856 3462 1012 3515 animarum
1032 3463 1149 3517 sulutem
1168 3473 1197 3517 et

280 3532 313 3585 nd
333 3534 459 3587 veritatis
479 3532 704 3587 dilucidationem
730 3536 853 3603 suscepi,
882 3536 923 3585 ito
940 3549 996 3587 uon
1022 3541 1064 3587 est
1088 3536 1197 3587 unimus

281 3604 347 3657 mihi
366 3602 518 3674 quidquam
538 3604 630 3659 dicere
646 3605 687 3657 vel
705 3620 841 3667 asserere,
860 3604 935 3675 quod
955 3605 997 3659 vel
1016 3621 1111 3658 saeros
1130 3608 1196 3673 srip-

280 3681 357 3729 turoc
384 3676 426 3728 vel
455 3680 564 3731 senche
592 3678 680 3730 matri
702 3677 835 3730 ecelesiae
858 3682 932 3730 esset
956 3675 1110 3730 adversum.
1150 3677 1196 3728 Pe-

280 3750 354 3799 rntnr
370 3746 471 3816 corrigi
493 3754 518 3799 et
530 3746 671 3802 emendari
690 3764 707 3819 s
726 3748 956 3817 sedespostolies
974 3745 1047 3801 etsb
1064 3750 1109 3813 iis,
1130 3763 1197 3816 qoo-

280 3830 340 3871 rrm
359 3818 462 3873 inuno
483 3819 555 3873 hone
574 3826 697 3874 nostrum
720 3819 964 3888 disceptationem,
982 3821 1062 3873 luxto
1080 3833 1197 3873 eonven-

280 3891 384 3943 tionem
402 3890 463 3961 lueri
482 3892 599 3961 loetum,
619 3907 713 3943 sumus
733 3887 899 3945 subiecturir
928 3891 963 3945 de
982 3905 1037 3961 quo
1054 3897 1197 3961 protestor

267 3968 421 4030 utsupra.
742 3975 747 4002 ¹
