3075 4775
355 533 400 602 88
572 533 731 603 Disputatio
752 533 859 602 lipsiae·
876 533 970 588 habita
986 549 1009 586 a.
1028 530 1094 586 XIX

356 723 523 802 ecclcsiae,
548 721 601 784 ille
630 719 710 782 enim
741 724 789 780 est
810 718 989 800 principalis
1009 719 1170 782 Dominus.
1193 719 1275 806 ¹Sed

356 808 428 888 quia
448 807 571 868 Petrum
602 804 760 866 constituit
781 803 944 875 nmmum,
977 810 1010 864 et
1030 809 1218 884 potestatem
1246 805 1275 864 ei
1362 841 1366 846 ι

355 909 447 988 super
460 895 526 951 tota
538 887 669 950 ecclesia
682 885 821 961 contulit,
843 885 925 960 utili
946 885 1048 949 &Leo
1069 905 1138 948 can.
1159 884 1274 949 ltaDo-

355 993 454 1035 minus
478 976 526 1037 21.
550 971 619 1034 dist.
643 976 779 1030 testatur.
802 969 843 1030 ut
865 969 958 1031 miror
977 971 1161 1051 plurimum,
1192 970 1276 1050 quod

354 1058 461 1119 relicto
486 1061 572 1117 textu
595 1053 624 1116 S.
639 1053 761 1116 Leonis
782 1053 968 1114 reverendus
989 1054 1094 1116 Pater·
1109 1054 1276 1134 arripit'ihi

354 1160 444 1202 unam
467 1139 603 1221 glossam
625 1137 722 1198 textui
745 1138 937 1199 contrariam.
973 1137 1040 1198 Imo
1060 1144 1178 1200 tantum
1201 1157 1274 1198 cou-

352 1225 411 1286 fert
432 1223 552 1286 Christo
574 1217 752 1282 ascendenti
773 1220 813 1280 ad
835 1220 963 1301 coelos,
986 1224 1019 1282 ut
1038 1221 1109 1284 loco
1132 1223 1178 1282 sui
1200 1239 1273 1282 oon·

353 1309 493 1370 stituerst
513 1307 564 1366 hio
585 1304 729 1365 vicarium
753 1310 846 1384 caput
858 1350 865 1382 ,
878 1325 882 1333 ·
897 1303 936 1363 ad
964 1304 1047 1384 qnod
1069 1311 1152 1366 esset
1173 1323 1274 1367 recur-

353 1411 404 1452 sus
424 1392 456 1451 in
478 1389 578 1450 dubiis
601 1393 632 1448 et
653 1387 719 1447 aliis
742 1386 864 1448 casibus
886 1387 1123 1469 emergentibus,
1144 1404 1186 1450 nc
1209 1394 1277 1448 tota

350 1473 464 1536 Christi
483 1471 615 1534 ecclesia
637 1476 719 1531 esset
739 1489 833 1530 unum
856 1471 1015 1531 confusum
1037 1471 1132 1532 chaos
1151 1471 1275 1532 Anaxa·

284 1594 291 1612 t
351 1558 498 1639 goricum.
520 1547 612 1616 litam
634 1554 817 1614 sententiam
841 1559 907 1614 tota
928 1560 1012 1615 tenet
1034 1555 1174 1634 ecclesia,
1196 1555 1276 1615 sicut

353 1646 400 1701 cst
419 1641 449 1701 in
471 1638 682 1719 responsorio,
704 1653 764 1716 quo
788 1636 921 1698 ecclesia
940 1637 979 1698 de
1000 1637 1031 1700 S.
1055 1638 1145 1699 Petro
1167 1638 1276 1698 utitur:

351 1723 397 1784 ‘l'u
426 1742 458 1783 es
488 1726 593 1803 pastor
615 1721 740 1797 ovium,
768 1721 912 1800 princeps
940 1721 1162 1800 apostolorum.
1205 1720 1274 1782 'libi

337 1805 477 1886 ›3tradidit
503 1806 587 1865 Deus
609 1803 713 1864 omnia
740 1821 838 1884 regna
858 1803 973 1864 mundi.
1017 1804 1064 1864 lta
1097 1821 1222 1865 cramus
1245 1805 1278 1864 iu

350 1889 492 1959 ecclesia.
513 1886 580 1954 Imo
605 1886 724 1946 divinus
747 1886 938 1964 Franciscus‚
967 1887 1075 1968 sigillis
1097 1888 1275 1968 stigmatum

350 1972 558 2053 approbatus,
583 1971 694 2032 iratres
726 1988 799 2030 suos
827 1975 858 2030 et
877 1974 975 2031 totum
998 1970 1102 2031 orbem
1127 1977 1274 2030 terrarum

352 2056 457 2117 docuit
478 2053 605 2116 obedire
633 2071 753 2114 summo
775 2051 932 2131 Pontifici,
965 2055 1054 2113 etin
1080 2053 1187 2136 regula
1215 2053 1278 2114 hoc

349 2139 518 2220 praecepit.
561 2135 637 2198 Ideo
668 2136 707 2196 de
736 2154 774 2196 eo
803 2136 885 2196 cauit
912 2137 1058 2197 ecclesia:
1098 2137 1278 2198 &auciacus

306 2239 313 2254 ‘
350 2222 398 2282 vir
419 2220 588 2282 catholicus
613 2225 645 2279 et
659 2218 942 2299 totusapcstolicus
964 2225 1070 2281 tenere
1080 2218 1173 2280 fldem
1187 2220 1278 2282 Rom.

353 2305 504 2365 ecclesiae
532 2301 647 2364 docuit.
676 2302 721 2362 lta
742 2301 863 2382 plurimi
891 2304 1000 2362 summi
1021 2302 1201 2379 Pontifices,
1234 2305 1279 2364 ita

353 2406 440 2467 sacra
469 2385 600 2448 concilia
633 2383 857 2463 definiverunt,
885 2404 963 2466 quae
994 2387 1152 2448 brevitatis
1174 2387 1287 2449 studio·

343 2484 413 2533 nco
435 2470 565 2532 adduco.
587 2468 740 2529 Plurimae
764 2486 886 2547 quoque
908 2469 1082 2552 seranum
1105 2472 1279 2532 sententiae
1303 2494 1307 2501 ·

348 2554 431 2616 idem
460 2550 573 2615 sonant
602 2559 634 2613 et
654 2551 835 2632 approbant.
874 2551 961 2627 Quae
996 2555 1100 2615 omnia
1120 2572 1178 2615 suo
1200 2560 1280 2615 tem=

351 2658 445 2719 pora,
475 2654 545 2696 cum
566 2634 673 2696 videro
695 2633 856 2695 reverendi
878 2635 973 2697 Patn's
995 2643 1158 2698 tractatum
1180 2656 1280 2717 super
1334 2703 1349 2731 s

247 2750 250 2757 ⁴
349 2720 410 2783 hoc
430 2720 557 2799 negotio
579 2718 733 2779 adducere
753 2736 816 2777 non
838 2718 1003 2800 negligam.

332 2834 347 2859 a
431 2803 463 2866 si
484 2809 587 2863 tamen
608 2790 753 2883 primatus
776 2800 1050 2864 Rom.·¹Pontilic'is
1079 2809 1197 2882 tantum
1218 2803 1276 2868 iuri

346 2888 485 2949 innititur
503 2886 648 2965 humano,
671 2890 702 2945 et
722 2884 860 2945 elevatur
880 2903 1033 2946 consensu
1054 2886 1169 2967 populi,
1192 2887 1276 2947 unde

347 2979 420 3032 tunc
441 2967 601 3031 reverendi
614 2967 709 3028 Patris
732 2967 936 3029 mendicitatis
951 2969 1166 3050 privilegium?
1186 2970 1277 3030 Unde

348 3054 407 3115 iste
440 3051 600 3133 religionis
637 3049 790 3112 habitus?
841 3050 932 3111 Unda
972 3059 1112 3132 potestas
1157 3053 1277 3113 confes·

348 3138 452 3199 siones
490 3131 648 3211 audiendi,
677 3133 891 3212 praedicandi,
924 3152 993 3195 cum
1026 3135 1094 3196 aliia
1129 3136 1276 3197 inumeris

348 3218 526 3299 privilegiis,
548 3216 657 3297 quihus
680 3235 699 3276 a
721 3215 796 3277 sede
817 3217 990 3297 apostolica
1011 3217 1189 3294 obruuntur,
1213 3219 1276 3300 epi·
1367 3271 1372 3283 .

345 3302 466 3382 scopis,
497 3299 736 3379 archiepiscopis
765 3305 797 3360 et
818 3301 930 3360 curatis
951 3301 1126 3379 frequenter
1143 3299 1275 3363 contra-

345 3382 549 3444 dicentibus?
588 3380 646 3457 Qui
668 3387 771 3442 tamen
807 3389 840 3443 ut
868 3382 923 3443 filii
952 3383 1150 3445 obedientiae
1184 3384 1275 3446 Rom.

346 3464 527 3527 Pontificem
550 3464 686 3543 audiunt,
709 3472 740 3525 et
759 3466 841 3527 ineo
858 3464 1020 3546 Christum,
1044 3473 1078 3528 ut
1099 3467 1276 3548 sicparpa·

346 3550 472 3609 tientiae
499 3547 613 3608 bouum
644 3548 735 3608 vitam
766 3548 973 3629 adipiscantur
1000 3556 1165 3611 aeternam.

428 3627 514 3691 llaec
534 3629 640 3691 brevia
663 3631 744 3691 volui
766 3631 902 3693 adiicere
934 3634 967 3692 in
996 3634 1152 3714 praesenti
1172 3632 1275 3714 dispu-

346 3714 472 3777 tationis
495 3714 639 3793 negotio,
663 3720 809 3793 quantum
832 3722 952 3795 tempus
974 3714 1067 3795 dedit,
1091 3716 1276 3797 pluraalio-

347 3798 419 3877 quin
442 3796 597 3875 allaturus,
618 3797 677 3857 nisi
699 3796 853 3860 fastidium
875 3818 926 3861 me
946 3798 1131 3861 absterreret
1154 3806 1186 3862 et
1206 3799 1274 3862 illu·

349 3881 487 3943 strissimi
508 3877 656 3961 Principis
678 3880 786 3945 iussus.

385 4040 417 4110 1)
437 4042 467 4097 ln
486 4043 528 4098 ed.
548 4045 639 4117 erip:
659 4046 714 4101 ubi.
807 4018 813 4029 ¹
