3075 4775
486 569 521 624 oe
540 571 648 624 ratione
666 569 777 623 vivendi
795 530 981 624 assertorum
1125 570 1187 635 387

267 752 451 833 intelligere:
485 754 525 815 da
555 761 656 815 autom
679 755 780 832 miti‚·
800 764 947 834 quantum
984 756 1035 815 tihi
1068 755 1188 816 videtur

268 836 303 896 od
324 836 455 923 gloriam
479 845 561 897 tuam
582 840 614 897 in
638 858 687 897 me
710 848 884 919 peccatore.

525 971 566 1079 fll
610 999 666 1079 De
688 1020 904 1083 familiaritate.

348 1172 430 1232 Rara
452 1174 543 1232 etiam
566 1180 597 1232 et
620 1170 727 1246 eadem
759 1174 860 1233 brevis
884 1174 1072 1235 familiaritas
1096 1176 1186 1255 prod-

267 1263 311 1315 est
333 1254 494 1315 sacerdoti.
527 1254 725 1315 Verissimum
750 1259 831 1316 enim
854 1253 951 1317 estid
975 1258 1186 1338 proverbium:

267 1340 364 1399 Amisi
386 1338 467 1398 flues
495 1341 650 1421 temporis.
701 1338 792 1414 Quod
823 1342 847 1399 si
881 1343 970 1401 amiel
999 1336 1087 1401 'turm
1117 1352 1186 1401 suut

266 1422 433 1501 temporis,
465 1420 537 1501 quid
568 1430 657 1482 erunt
678 1424 816 1484 extranei
840 1431 870 1483 et
892 1426 989 1505 ignoti
1014 1422 1060 1483 vel
1087 1426 1185 1483 miuus

266 1504 449 1565 familiares?
504 1504 616 1565 Verum
652 1508 683 1565 in
714 1507 759 1565 his
787 1507 958 1589 prudentia
978 1526 1096 1567 summa
1133 1503 1185 1567 tibi

266 1587 341 1668 opus
370 1588 474 1667 fuerit,
518 1605 557 1648 ue
584 1589 702 1649 soilioet
730 1591 855 1649 nimium
885 1590 1004 1671 fugiens
1027 1590 1185 1650 hominum

265 1672 438 1731 convictum
461 1671 646 1732 daemonum
670 1674 837 1735 societates
861 1673 1136 1752 inoidos:ru1·sus,
1161 1678 1184 1733 si

266 1756 389 1836 nimium
413 1754 554 1834 aooedas,
575 1775 594 1815 a
616 1758 719 1835 porois
741 1757 939 1817 oonsuleerie.
978 1760 1083 1836 ltaque
1106 1758 1131 1816 si
1156 1766 1185 1815 te

265 1840 422 1898 vocaverit
443 1838 526 1898 Deus
551 1837 595 1919 (si
618 1842 825 1901 neoessarium
849 1840 937 1899 fuerit
960 1840 1088 1915 servire,
1112 1836 1188 1899 eorr-

264 1919 385 1998 sulere,
407 1922 542 1999 colloqui
564 1922 722 2000 proximo,
758 1924 806 1981 vel
829 1942 884 2001 pro
908 1922 1026 1992 salute,
1050 1930 1103 1982 aut
1125 1923 1186 1981 alia

264 2006 447 2065 necessitate
469 2003 508 2064 ad
534 2003 565 2064 id
586 2004 690 2084 fueris,
706 2006 879 2084 quaesitus)
915 2024 1039 2085 prorsus
1076 2006 1125 2065 lex
1156 2015 1187 2067 et

264 2087 370 2167 regula
393 2088 600 2167 ouiusounque
622 2089 751 2147 instituti
774 2090 814 2148 tui
839 2096 869 2148 te
891 2090 1038 2148 retineat:
1064 2090 1181 2149 oaritati

265 2173 363 2230 omnis
386 2171 438 2230 lex
459 2169 551 2231 debet
573 2170 786 2231 oedereetiam
804 2170 910 2231 orandi
929 2180 960 2231 et
981 2170 1186 2248 sacrificandi,

264 2254 314 2313 ubi
327 2272 401 2314 vero
420 2271 481 2312 non
494 2255 625 2328 voeatis,
648 2254 723 2315 nulli
737 2261 767 2315 te
789 2255 928 2335 ingeras,
946 2275 985 2314 ne
1007 2256 1186 2337 incipias...

265 2338 343 2398 velle
351 2383 425 2400 .....
448 2335 488 2415 *t
508 2344 539 2399 et
559 2339 681 2400 animae
705 2346 775 2398 tuae
796 2340 921 2417 patiaris
942 2338 1166 2402 detrimentum.

573 2521 625 2580 lV.
668 2522 717 2581 De
739 2521 888 2582 oratione.
941 2588 945 2595 ¹

345 2675 464 2735 Memor
485 2683 552 2735 esto
576 2683 606 2734 te
629 2675 821 2735 sacerdotem
846 2695 933 2752 esse,
957 2675 988 2734 id
1011 2683 1077 2750 est,
1103 2677 1187 2734 miui-

263 2764 357 2818 strum
382 2777 580 2818 communem
610 2767 640 2817 et
662 2759 833 2838 publioum':
870 2758 1002 2837 ideoque
1035 2777 1096 2817 nou
1132 2778 1187 2838 pro

264 2851 293 2900 te
316 2849 445 2918 tautum,
468 2849 681 2921 quantumpro
706 2841 814 2902 ovibus
827 2843 944 2900 intente
968 2841 1079 2908 orabis,
1103 2861 1188 2920 praa·

263 2926 367 2984 sertim
391 2943 447 3003 pro
470 2924 635 2984 maioribus
659 2925 825 2999 eeclesiae,
847 2925 968 2985 soilioet
992 2923 1186 3004 pontificibus

264 3013 295 3067 et
315 3007 508 3083 rectoribus,
539 3009 683 3086 quomam
714 3007 835 3067 illorum
860 3008 941 3066 salus
965 3015 1101 3066 nostrum
1126 3027 1188 3066 trur-

263 3093 346 3150 uium
370 3097 418 3150 est
440 3090 531 3151 salus.
988 3079 991 3101 ¹

503 3274 538 3336 V.
562 3273 607 3333 De
629 3272 780 3335 sacrifieio
803 3273 955 3335 faciendo.

346 3427 416 3488 Nou
439 3448 561 3508 semper
584 3428 643 3488 eris
664 3427 795 3489 idoneus
808 3428 846 3488 ad
867 3428 1059 3504 sacrificium,
1084 3447 1187 3486 verum

262 3511 369 3571 ulfias
392 3511 532 3586 idoneus,
555 3511 721 3590 aliquando
744 3512 798 3572 tibi
822 3509 1032 3572 aooedenduru
1057 3518 1104 3570 est
1127 3528 1186 3568 nou

262 3592 445 3654 idoneo.*ld
467 3594 581 3671 facies,
605 3595 629 3653 si
653 3595 803 3674 cogitabis
827 3613 888 3654 ιιοιι
913 3600 1111 3673 propterte,
1135 3593 1188 3652 sed

261 3683 390 3757 propter
411 3677 510 3755 alios,
531 3678 563 3736 in
585 3679 720 3756 peooatis
743 3681 945 3758 constitutos,
968 3695 1022 3756 pro
1047 3675 1189 3736 Christia-

262 3778 374 3820 norum
399 3759 632 3821 necessitatibus
655 3759 708 3821 tibi
736 3780 805 3820 esse
828 3758 1071 3820 sacrificandum.
1116 3757 1187 3816 ldeo

262 3842 347 3920 quod
370 3861 425 3922 pro
449 3849 479 3902 te
501 3860 564 3902 non
586 3842 714 3921 faceres,
736 3844 830 3902 faoies
852 3862 908 3922 pro
931 3843 1007 3902 illis:
1039 3860 1096 3901 neo
1118 3841 1188 3898 inei-

262 3927 330 4008 pias
347 3927 489 4004 cuiquam
506 3923 671 4004 confidere,
689 3927 761 4004 quia
773 3925 904 3986 idoneus
920 3924 973 3986 tibi
989 3926 1071 3984 visus
1090 3923 1187 3980 fuerit.

322 4117 353 4180 ⁸.)
377 4114 429 4168 Hie
447 4115 548 4168 lacuna
566 4119 608 4168 est
626 4117 655 4167 in
675 4118 761 4167 textu.

872 4179 1016 4256 x25¹¹*
