3075 4775
504 550 583 605 >riu
603 550 637 605 ce
656 556 796 633 posenno
814 554 914 622 nepas.
1126 546 1188 615 369

267 736 420 797 ecclesiae
454 754 528 797 cora
556 736 737 817 pertineret,
779 746 810 800 et
842 738 1040 799 schismatum
1072 740 1190 799 semina

157 847 158 882 3
267 820 458 881 tollerentur.
501 820 591 880 Putet
617 820 743 900 aliquis,
777 842 839 883 non
862 821 1102 901 scripturarum,
1135 822 1190 882 sad

157 903 158 946 ³
268 910 406 963 nostram
429 920 500 963 esse
528 905 727 984 sententium,
760 908 940 987 episcopum
970 913 1001 965 et
1033 904 1190 985 presbyte-

266 1006 330 1046 rum
355 997 451 1045 unum
469 1004 554 1065 esse,
577 994 608 1046 et
628 986 712 1048 aliud
735 991 862 1067 aetatis,
885 996 916 1048 et
937 986 1020 1049 aliud
1043 1006 1112 1048 esse
1137 1009 1190 1049 no·
1251 1042 1254 1045 ,

267 1089 335 1129 men
373 1068 503 1147 offleii,
524 1070 643 1150 relegat
673 1072 816 1153 Apostoli
852 1071 891 1131 ad
927 1071 1138 1151 Philippenses
1153 1071 1187 1148 *ji

268 1152 376 1230 verba,
399 1158 433 1213 et
453 1160 572 1230 cetere,
606 1170 687 1233 qnae
715 1176 808 1237 supra
837 1156 867 1215 in
891 1154 1020 1235 epistola
1050 1153 1089 1213 ad
1110 1152 1189 1215 Eve-

267 1238 366 1318 griurn
388 1235 519 1297 induxit.
562 1235 603 1296 Et
629 1238 659 1296 in
691 1237 766 1299 fine:
802 1239 888 1301 Sient
915 1256 990 1318 ergo
1020 1236 1190 1317 presbyteri

267 1322 370 1379 sciunt
406 1338 441 1379 se
462 1340 502 1379 ex
525 1319 676 1382 ecclesiae
709 1321 932 1383 consuetudine
966 1323 1014 1397 ei,
1049 1322 1100 1399 qni
1133 1321 1190 1379 sibi

266 1404 463 1483 praepositus
484 1404 589 1481 fuerit,
620 1423 688 1465 esse
710 1406 882 1484 subiectos,
910 1408 957 1465 ita
975 1404 1113 1484 episcopi
1136 1421 1188 1463 no·

265 1488 368 1546 verint
390 1504 424 1545 se
447 1488 544 1565 megin
566 1489 808 1566 consuetudine,
837 1508 927 1568 quem
951 1487 1192 1567 dispensationis

267 1568 394 1629 &vinae
427 1571 555 1629 veritate
587 1570 775 1651 presbyteris
810 1591 879 1632 esse
914 1572 1063 1648 maiores,
1100 1577 1131 1629 et
1157 1572 1188 1628 iu

266 1652 425 1713 communi
447 1652 560 1713 debere
582 1653 744 1715 ecclesiam
767 1674 885 1735 regere.
965 1668 968 1674 ·

351 1734 433 1795 Vide
452 1736 579 1816 erg0¹),
601 1756 640 1795 an
653 1738 823 1818 propositio
846 1756 914 1798 mea
937 1736 1017 1796 male
1038 1736 1087 1797 vel
1111 1737 1190 1797 bene

267 1818 396 1896 dixerit,
425 1836 496 1879 esse
523 1828 631 1879 contra
664 1813 887 1900 scripturarum
910 1826 1043 1898 textum,
1078 1819 1189 1879 Roma-

265 1921 338 1962 nem
370 1901 533 1962 eeclesiam
565 1922 635 1963 esse
663 1904 732 1964 aliis
760 1904 965 1984 superiorem,
1000 1922 1067 1963 cum
1097 1903 1188 1962 etiem

267 1988 307 2045 sit
338 1992 447 2044 contre
475 1986 542 2065 ipsa
563 1986 704 2048 Decreta.
748 1987 826 2047 Nam
856 1994 886 2047 et
919 1986 996 2046 haec
1025 1986 1058 2045 B.
1082 1985 1189 2045 Hiero·
1219 2052 1221 2057 ,

267 2069 353 2148 nymi
371 2068 466 2128 verba
486 2069 655 2131 recitantur
675 2070 778 2131 distin.
801 2074 840 2135 95
862 2089 889 2131 e.
912 2068 1003 2130 Olim.
1041 2071 1141 2147 Atque
1164 2069 1189 2127 si

267 2170 330 2211 non
354 2149 449 2233 tibi²)
472 2151 731 2232 approbarentur,
760 2163 862 2213 tamen
891 2154 962 2233 quia
984 2151 1092 2214 solidis
1115 2170 1189 2232 pug-

266 2242 342 2294 nant
378 2233 502 2294 divinae
531 2234 772 2319 Scripturae**)
810 2238 918 2315 armis,
952 2236 1073 2297 etiamsi
1107 2242 1189 2295 totns

157 2331 158 2336 ’
265 2314 400 2377 mundus
427 2325 459 2378 et
489 2318 617 2398 angelus
647 2320 687 2380 de
709 2321 799 2381 coelo
823 2320 1080 2398 contradixerint,
1116 2318 1190 2378 nihil
1272 2392 1278 2400 β

157 2414 158 2427 ’
265 2400 411 2463 dixerint.
440 2401 541 2482 Atque
564 2403 606 2464 ita
627 2405 704 2464 setis
721 2413 795 2484 puto
819 2411 849 2464 et
869 2404 1029 2485 probatam
1054 2411 1189 2464 nostram

264 2486 522 2565 propositionem,
545 2494 577 2546 et
597 2486 748 2548 dissoluta
773 2489 877 2548 omnia
898 2496 1087 2568 argumenta,
1111 2505 1190 2564 quae

265 2567 318 2628 vel
347 2567 422 2649 fingi
443 2570 597 2629 contraria
619 2578 760 2650 possunt.
806 2571 873 2632 Stet
895 2567 1100 2650 sententia³),
1126 2587 1188 2628 non

157 2676 158 2679 ¹
266 2650 510 2732 dispensationis
531 2653 655 2713 divinae
683 2657 828 2738 veritate,
861 2653 914 2714 sed
944 2653 1096 2714 ecelesiae
1117 2669 1188 2712 oon-

157 2793 158 2798 ,
266 2734 432 2795 suetudine
455 2736 620 2816 episcopos
643 2756 712 2798 esse
734 2739 866 2799 maiores
889 2737 1085 2817 presbyteris.

351 2817 443 2878 Addo
476 2821 595 2879 tertium
628 2821 792 2881 Decretum
826 2821 933 2882 eadem
963 2819 1064 2880 distin.
1094 2821 1132 2882 95
1162 2837 1187 2880 c.

157 2970 158 2993 χ
266 2901 452 2982 Episcopus,
471 2901 644 2982 Episcopus
665 2905 697 2963 in
718 2904 858 2983 quolibet
879 2905 950 2964 loeo
973 2901 1084 2963 sedens
1107 2911 1188 2960 stare
1246 2921 1249 2929 ·

265 2986 482 3066 presbyterum
516 3004 578 3046 non
607 2988 747 3065 potietur.
792 2987 832 3048 Et
852 2989 960 3048 iterum
985 2985 1046 3045 alio
1069 3003 1095 3045 c.
1117 2983 1188 3062 Epi·

266 3085 399 3149 scopus,
433 3068 605 3149 Episcopus
633 3071 662 3129 in
685 3072 819 3132 ecclesia.
840 3073 870 3130 ln
894 3088 1041 3130 consessu
1064 3066 1188 3152 presby·

269 3161 404 3213 terorutn
427 3151 586 3213 sublimior
607 3153 730 3233 sedeat,
752 3155 832 3214 intra
854 3155 978 3215 domum
999 3171 1073 3212 vero
1097 3149 1189 3211 colle·

266 3255 338 3316 garn
360 3235 607 3316 presbyterorum
636 3256 671 3297 se
702 3257 772 3298 esse
801 3246 980 3319 cognoscet.
1023 3236 1108 3295 Haec
1135 3229 1189 3294 ibi·

267 3317 339 3380 dem
367 3337 438 3380 esse
459 3316 583 3379 decreta
610 3321 732 3381 concilii
754 3321 1004 3403 Carthaginensis
1026 3319 1124 3398 quarti
1146 3315 1188 3377 di·-

268 3411 395 3481 cuntur,
433 3420 512 3481 quse
543 3407 627 3464 certe
648 3404 803 3465 haeretico
825 3411 915 3484 sunt,
950 3401 1137 3464 scandaloso
1158 3408 1209 3472 et,

267 3486 417 3547 seditiosa
440 3484 656 3569 (utineam),
681 3489 707 3547 si
729 3489 867 3569 episcopi
890 3490 955 3548 iure
978 3486 1081 3547 divino
1105 3504 1189 3566 pres-

268 3569 383 3650 byteris
407 3567 600 3633 sublimiores
622 3577 701 3648 sunt,
724 3589 802 3650 quos
824 3590 893 3632 esse
915 3570 1053 3652 collegas
1071 3571 1188 3649 episco-

268 3660 375 3732 porum
399 3655 544 3729 statuunt,
566 3654 784 3735 multomagis,
807 3656 832 3714 si
854 3674 932 3715 unus
954 3656 1119 3734 episcopus
1141 3671 1189 3713 ce·

267 3738 340 3798 teris
358 3734 522 3796 sublimior
545 3744 601 3800 est.
645 3736 778 3798 Deleant
805 3757 879 3821 ergo
902 3739 1031 3818 primum
1054 3755 1109 3798 sue
1130 3736 1188 3830 Dp·

274 3881 483 3889 ...n-m

340 3947 373 4016 l)
392 3940 423 4001 ln
444 3947 565 4001 editione
590 3949 696 4016 priore:
715 3948 789 4002 Haec
806 3950 861 4004 ille.
882 3952 949 4006 Vide
969 3969 1044 4022 ergo.
1082 3953 1114 4009 2»
1135 3951 1186 4004 lbi·
1212 3920 1215 3925 Ι
1278 3995 1281 4001 ,

269 4019 413 4074 dormibi.
450 4019 484 4084 3)
504 4019 624 4073 Ibidem:
643 4022 780 4075 sententia
798 4023 862 4076 fixa.

342 4092 374 4161 ⁴)
392 4090 508 4161 Philipp.
530 4092 555 4146 1.
590 4091 638 4160 *⁸)
660 4091 719 4146 Gal.
738 4094 764 4148 1.

296 4192 387 4234 muer
399 4179 492 4242 onn'v.
504 4197 533 4237 n
548 4198 578 4237 au
589 4198 632 4239 ne
645 4198 696 4239 uus
709 4199 725 4238 ι
738 4209 760 4249 p.
775 4200 824 4241 vor.
838 4200 879 4240 u1.
980 4167 1019 4230 24
