<?xml version="1.0" encoding="UTF-8"?>
<!DOCTYPE html PUBLIC "-//W3C//DTD XHTML 1.0 Transitional//EN"
    "http://www.w3.org/TR/xhtml1/DTD/xhtml1-transitional.dtd">
<html xmlns="http://www.w3.org/1999/xhtml" xml:lang="en" lang="en">
 <head>
  <title>
</title>
<meta http-equiv="Content-Type" content="text/html;charset=utf-8" />
  <meta name='ocr-system' content='tesseract 3.04.00' />
  <meta name='ocr-capabilities' content='ocr_page ocr_carea ocr_par ocr_line ocrx_word'/>
</head>
<body>
  <div class='ocr_page' id='page_1' title='image "./operalatinavari02schmgoog_0328.png"; bbox 0 0 3075 4775; ppageno 0'>
   <div class='ocr_carea' id='block_1_1' title="bbox 354 520 1139 603">
    <p class='ocr_par' dir='ltr' id='par_1_1' title="bbox 354 520 1139 603">
     <span class='ocr_line' id='line_1_1' title="bbox 354 520 1139 603; baseline 0.001 -27"><span class='ocrx_word' id='word_1_1' title='bbox 354 520 417 589; x_wconf 79' lang='grc'><strong>322</strong></span> <span class='ocrx_word' id='word_1_2' title='bbox 587 523 682 577; x_wconf 72' lang='lat' dir='ltr'><strong>Rosci.</strong></span> <span class='ocrx_word' id='word_1_3' title='bbox 704 522 733 577; x_wconf 75' lang='lat' dir='ltr'><strong>t</strong></span> <span class='ocrx_word' id='word_1_4' title='bbox 750 538 836 593; x_wconf 75' lang='lat' dir='ltr'><strong>super</strong></span> <span class='ocrx_word' id='word_1_5' title='bbox 854 523 1047 593; x_wconf 73' lang='lat' dir='ltr'><strong>Proponmne</strong></span> <span class='ocrx_word' id='word_1_6' title='bbox 1137 598 1139 603; x_wconf 69' lang='lat'><strong>,</strong></span> 
     </span>
    </p>
   </div>
   <div class='ocr_carea' id='block_1_2' title="bbox 354 706 1279 784">
    <p class='ocr_par' dir='ltr' id='par_1_2' title="bbox 354 706 1279 784">
     <span class='ocr_line' id='line_1_2' title="bbox 354 706 1279 784; baseline 0.002 -15"><span class='ocrx_word' id='word_1_7' title='bbox 354 708 461 769; x_wconf 87' lang='lat' dir='ltr'><strong>dacter</strong></span> <span class='ocrx_word' id='word_1_8' title='bbox 481 707 556 769; x_wconf 79' lang='lat' dir='ltr'><strong>satis</strong></span> <span class='ocrx_word' id='word_1_9' title='bbox 569 706 716 784; x_wconf 81' lang='lat' dir='ltr'><strong>affirmas,</strong></span> <span class='ocrx_word' id='word_1_10' title='bbox 735 708 773 769; x_wconf 91' lang='lat' dir='ltr'><strong>iis</strong></span> <span class='ocrx_word' id='word_1_11' title='bbox 795 725 858 769; x_wconf 90' lang='lat' dir='ltr'><strong>non</strong></span> <span class='ocrx_word' id='word_1_12' title='bbox 881 706 1010 769; x_wconf 84' lang='lat' dir='ltr'><strong>servatis</strong></span> <span class='ocrx_word' id='word_1_13' title='bbox 1030 726 1090 769; x_wconf 84' lang='lat' dir='ltr'><strong>nec</strong></span> <span class='ocrx_word' id='word_1_14' title='bbox 1111 708 1206 771; x_wconf 82' lang='lat' dir='ltr'><strong>iidem</strong></span> <span class='ocrx_word' id='word_1_15' title='bbox 1231 729 1279 771; x_wconf 87' lang='lat' dir='ltr'><strong>aa·</strong></span> 
     </span>
    </p>
   </div>
   <div class='ocr_carea' id='block_1_3' title="bbox 332 788 1282 2870">
    <p class='ocr_par' dir='ltr' id='par_1_3' title="bbox 353 788 1281 1538">
     <span class='ocr_line' id='line_1_3' title="bbox 357 788 1279 873; baseline 0.001 -20"><span class='ocrx_word' id='word_1_16' title='bbox 357 790 503 853; x_wconf 87' lang='lat' dir='ltr'><strong>tholicam</strong></span> <span class='ocrx_word' id='word_1_17' title='bbox 526 792 651 853; x_wconf 87' lang='lat' dir='ltr'><strong>servari.</strong></span> <span class='ocrx_word' id='word_1_18' title='bbox 695 791 728 853; x_wconf 82' lang='lat' dir='ltr'><strong>Si</strong></span> <span class='ocrx_word' id='word_1_19' title='bbox 750 790 788 853; x_wconf 89' lang='lat' dir='ltr'><strong>de</strong></span> <span class='ocrx_word' id='word_1_20' title='bbox 803 788 1078 870; x_wconf 74' lang='lat' dir='ltr'><strong>contemptoribus,</strong></span> <span class='ocrx_word' id='word_1_21' title='bbox 1101 800 1133 853; x_wconf 87' lang='lat' dir='ltr'><strong>et</strong></span> <span class='ocrx_word' id='word_1_22' title='bbox 1154 793 1204 871; x_wconf 88' lang='lat' dir='ltr'><strong>iia,</strong></span> <span class='ocrx_word' id='word_1_23' title='bbox 1226 796 1279 873; x_wconf 84' lang='lat' dir='ltr'><strong>qui</strong></span> 
     </span>
     <span class='ocr_line' id='line_1_4' title="bbox 354 873 1280 955; baseline 0.001 -19"><span class='ocrx_word' id='word_1_24' title='bbox 354 874 412 936; x_wconf 89' lang='lat' dir='ltr'><strong>sub</strong></span> <span class='ocrx_word' id='word_1_25' title='bbox 434 883 465 935; x_wconf 88' lang='lat' dir='ltr'><strong>te</strong></span> <span class='ocrx_word' id='word_1_26' title='bbox 487 883 576 951; x_wconf 90' lang='lat' dir='ltr'><strong>sunt,</strong></span> <span class='ocrx_word' id='word_1_27' title='bbox 609 875 744 953; x_wconf 86' lang='lat' dir='ltr'><strong>diceres,</strong></span> <span class='ocrx_word' id='word_1_28' title='bbox 772 882 855 937; x_wconf 87' lang='lat' dir='ltr'><strong>recte</strong></span> <span class='ocrx_word' id='word_1_29' title='bbox 879 873 1006 935; x_wconf 83' lang='lat' dir='ltr'><strong>diceres.</strong></span> <span class='ocrx_word' id='word_1_30' title='bbox 1048 876 1138 937; x_wconf 88' lang='lat' dir='ltr'><strong>Nunc</strong></span> <span class='ocrx_word' id='word_1_31' title='bbox 1160 885 1280 955; x_wconf 83' lang='lat' dir='ltr'><strong>contra,</strong></span> 
     </span>
     <span class='ocr_line' id='line_1_5' title="bbox 354 956 1279 1040; baseline 0.003 -23"><span class='ocrx_word' id='word_1_32' title='bbox 354 958 480 1037; x_wconf 86' lang='lat' dir='ltr'><strong>quando</strong></span> <span class='ocrx_word' id='word_1_33' title='bbox 502 977 607 1018; x_wconf 89' lang='lat' dir='ltr'><strong>mores</strong></span> <span class='ocrx_word' id='word_1_34' title='bbox 629 965 661 1019; x_wconf 92' lang='lat' dir='ltr'><strong>et</strong></span> <span class='ocrx_word' id='word_1_35' title='bbox 681 957 784 1036; x_wconf 85' lang='lat' dir='ltr'><strong>fidem,</strong></span> <span class='ocrx_word' id='word_1_36' title='bbox 808 956 988 1023; x_wconf 65' lang='lat' dir='ltr'>traditiones</span> <span class='ocrx_word' id='word_1_37' title='bbox 1011 976 1079 1019; x_wconf 89' lang='lat' dir='ltr'><strong>cum</strong></span> <span class='ocrx_word' id='word_1_38' title='bbox 1102 960 1279 1040; x_wconf 85' lang='lat' dir='ltr'><strong>evangelio,</strong></span> 
     </span>
     <span class='ocr_line' id='line_1_6' title="bbox 355 1038 1281 1119; baseline 0.004 -19"><span class='ocrx_word' id='word_1_39' title='bbox 355 1041 483 1103; x_wconf 88' lang='lat' dir='ltr'><strong>verbum</strong></span> <span class='ocrx_word' id='word_1_40' title='bbox 504 1040 665 1101; x_wconf 89' lang='lat' dir='ltr'><strong>hominum</strong></span> <span class='ocrx_word' id='word_1_41' title='bbox 689 1061 758 1102; x_wconf 87' lang='lat' dir='ltr'><strong>eum</strong></span> <span class='ocrx_word' id='word_1_42' title='bbox 781 1038 949 1102; x_wconf 85' lang='lat' dir='ltr'><strong>verboDei</strong></span> <span class='ocrx_word' id='word_1_43' title='bbox 971 1040 1149 1119; x_wconf 84' lang='lat' dir='ltr'><strong>confundis,</strong></span> <span class='ocrx_word' id='word_1_44' title='bbox 1173 1062 1281 1103; x_wconf 88' lang='lat' dir='ltr'><strong>nonne</strong></span> 
     </span>
     <span class='ocr_line' id='line_1_7' title="bbox 357 1122 1280 1203; baseline 0.001 -19"><span class='ocrx_word' id='word_1_45' title='bbox 357 1125 453 1185; x_wconf 87' lang='lat' dir='ltr'><strong>horno</strong></span> <span class='ocrx_word' id='word_1_46' title='bbox 477 1124 534 1184; x_wconf 89' lang='lat' dir='ltr'><strong>es?</strong></span> <span class='ocrx_word' id='word_1_47' title='bbox 555 1122 630 1197; x_wconf 79' lang='lat' dir='ltr'><strong>Quis</strong></span> <span class='ocrx_word' id='word_1_48' title='bbox 652 1126 743 1202; x_wconf 86' lang='lat' dir='ltr'><strong>serat,</strong></span> <span class='ocrx_word' id='word_1_49' title='bbox 775 1131 808 1185; x_wconf 90' lang='lat' dir='ltr'><strong>ut</strong></span> <span class='ocrx_word' id='word_1_50' title='bbox 829 1123 1024 1203; x_wconf 86' lang='lat' dir='ltr'><strong>evangelium</strong></span> <span class='ocrx_word' id='word_1_51' title='bbox 1047 1132 1078 1185; x_wconf 89' lang='lat' dir='ltr'><strong>et</strong></span> <span class='ocrx_word' id='word_1_52' title='bbox 1099 1125 1193 1185; x_wconf 87' lang='lat' dir='ltr'><strong>iidem</strong></span> <span class='ocrx_word' id='word_1_53' title='bbox 1217 1146 1280 1187; x_wconf 91' lang='lat' dir='ltr'><strong>non</strong></span> 
     </span>
     <span class='ocr_line' id='line_1_8' title="bbox 354 1206 1280 1289; baseline 0.002 -22"><span class='ocrx_word' id='word_1_54' title='bbox 354 1227 478 1269; x_wconf 85' lang='lat' dir='ltr'><strong>servare</strong></span> <span class='ocrx_word' id='word_1_55' title='bbox 498 1217 637 1287; x_wconf 87' lang='lat' dir='ltr'><strong>putetur,</strong></span> <span class='ocrx_word' id='word_1_56' title='bbox 671 1210 725 1289; x_wconf 90' lang='lat' dir='ltr'><strong>qui</strong></span> <span class='ocrx_word' id='word_1_57' title='bbox 759 1207 816 1269; x_wconf 87' lang='lat' dir='ltr'><strong>sub</strong></span> <span class='ocrx_word' id='word_1_58' title='bbox 838 1208 959 1267; x_wconf 85' lang='lat' dir='ltr'><strong>statutis</strong></span> <span class='ocrx_word' id='word_1_59' title='bbox 993 1206 1054 1267; x_wconf 89' lang='lat' dir='ltr'><strong>illis</strong></span> <span class='ocrx_word' id='word_1_60' title='bbox 1076 1228 1139 1270; x_wconf 86' lang='lat' dir='ltr'><strong>non</strong></span> <span class='ocrx_word' id='word_1_61' title='bbox 1165 1209 1280 1269; x_wconf 84' lang='lat' dir='ltr'><strong>fuerit?</strong></span> 
     </span>
     <span class='ocr_line' id='line_1_9' title="bbox 353 1290 1279 1371; baseline 0 -18"><span class='ocrx_word' id='word_1_62' title='bbox 353 1291 401 1353; x_wconf 75' lang='lat' dir='ltr'><strong>‘l&#39;u</strong></span> <span class='ocrx_word' id='word_1_63' title='bbox 421 1310 490 1351; x_wconf 92' lang='lat' dir='ltr'><strong>cum</strong></span> <span class='ocrx_word' id='word_1_64' title='bbox 514 1292 573 1351; x_wconf 88' lang='lat' dir='ltr'><strong>tuis</strong></span> <span class='ocrx_word' id='word_1_65' title='bbox 599 1310 690 1351; x_wconf 88' lang='lat' dir='ltr'><strong>serva</strong></span> <span class='ocrx_word' id='word_1_66' title='bbox 717 1297 832 1351; x_wconf 85' lang='lat' dir='ltr'><strong>statuta</strong></span> <span class='ocrx_word' id='word_1_67' title='bbox 862 1296 894 1350; x_wconf 89' lang='lat' dir='ltr'><strong>et</strong></span> <span class='ocrx_word' id='word_1_68' title='bbox 915 1290 1074 1368; x_wconf 80' lang='lat' dir='ltr'><strong>canones,</strong></span> <span class='ocrx_word' id='word_1_69' title='bbox 1108 1292 1189 1371; x_wconf 87' lang='lat' dir='ltr'><strong>illis,</strong></span> <span class='ocrx_word' id='word_1_70' title='bbox 1229 1294 1279 1371; x_wconf 91' lang='lat' dir='ltr'><strong>qui</strong></span> 
     </span>
     <span class='ocr_line' id='line_1_10' title="bbox 354 1372 1281 1451; baseline 0.002 -16"><span class='ocrx_word' id='word_1_71' title='bbox 354 1381 426 1435; x_wconf 86' lang='lat' dir='ltr'><strong>sunt</strong></span> <span class='ocrx_word' id='word_1_72' title='bbox 446 1376 478 1433; x_wconf 92' lang='lat' dir='ltr'><strong>in</strong></span> <span class='ocrx_word' id='word_1_73' title='bbox 501 1372 650 1450; x_wconf 80' lang='lat' dir='ltr'><strong>Oriente,</strong></span> <span class='ocrx_word' id='word_1_74' title='bbox 673 1374 735 1435; x_wconf 88' lang='lat' dir='ltr'><strong>alia</strong></span> <span class='ocrx_word' id='word_1_75' title='bbox 757 1380 829 1435; x_wconf 89' lang='lat' dir='ltr'><strong>sunt</strong></span> <span class='ocrx_word' id='word_1_76' title='bbox 850 1379 980 1451; x_wconf 83' lang='lat' dir='ltr'><strong>statuta,</strong></span> <span class='ocrx_word' id='word_1_77' title='bbox 1004 1375 1058 1435; x_wconf 89' lang='lat' dir='ltr'><strong>sed</strong></span> <span class='ocrx_word' id='word_1_78' title='bbox 1080 1374 1165 1437; x_wconf 84' lang='lat' dir='ltr'><strong>idem</strong></span> <span class='ocrx_word' id='word_1_79' title='bbox 1188 1395 1281 1437; x_wconf 84' lang='lat' dir='ltr'><strong>evan·</strong></span> 
     </span>
     <span class='ocr_line' id='line_1_11' title="bbox 353 1457 478 1538; baseline 0 -21"><span class='ocrx_word' id='word_1_80' title='bbox 353 1457 478 1538; x_wconf 84' lang='lat' dir='ltr'><strong>gellam.</strong></span> 
     </span>
    </p>

    <p class='ocr_par' dir='ltr' id='par_1_4' title="bbox 355 1540 1282 2045">
     <span class='ocr_line' id='line_1_12' title="bbox 436 1540 1279 1621; baseline 0.002 -22"><span class='ocrx_word' id='word_1_81' title='bbox 436 1540 576 1618; x_wconf 87' lang='lat' dir='ltr'><strong>Tertius,</strong></span> <span class='ocrx_word' id='word_1_82' title='bbox 605 1540 707 1602; x_wconf 84' lang='lat' dir='ltr'><strong>distin.</strong></span> <span class='ocrx_word' id='word_1_83' title='bbox 730 1544 781 1603; x_wconf 84' lang='lat'><strong>21.</strong></span> <span class='ocrx_word' id='word_1_84' title='bbox 805 1560 830 1601; x_wconf 91' lang='lat' dir='ltr'><strong>c.</strong></span> <span class='ocrx_word' id='word_1_85' title='bbox 856 1540 964 1601; x_wconf 85' lang='lat' dir='ltr'><strong>Olero:</strong></span> <span class='ocrx_word' id='word_1_86' title='bbox 998 1540 1090 1615; x_wconf 82' lang='lat' dir='ltr'><strong>Quod</strong></span> <span class='ocrx_word' id='word_1_87' title='bbox 1111 1542 1279 1621; x_wconf 79' lang='lat' dir='ltr'><strong>capitulum</strong></span> 
     </span>
     <span class='ocr_line' id='line_1_13' title="bbox 355 1623 1280 1705; baseline 0.002 -22"><span class='ocrx_word' id='word_1_88' title='bbox 355 1642 415 1703; x_wconf 83' lang='lat' dir='ltr'><strong>ego</strong></span> <span class='ocrx_word' id='word_1_89' title='bbox 437 1643 595 1703; x_wconf 90' lang='lat' dir='ltr'><strong>nunquam</strong></span> <span class='ocrx_word' id='word_1_90' title='bbox 617 1623 742 1684; x_wconf 86' lang='lat' dir='ltr'><strong>credam</strong></span> <span class='ocrx_word' id='word_1_91' title='bbox 765 1643 836 1685; x_wconf 86' lang='lat' dir='ltr'><strong>esse</strong></span> <span class='ocrx_word' id='word_1_92' title='bbox 858 1623 897 1683; x_wconf 89' lang='lat' dir='ltr'><strong>ab</strong></span> <span class='ocrx_word' id='word_1_93' title='bbox 920 1624 1024 1703; x_wconf 86' lang='lat' dir='ltr'><strong>aliquo</strong></span> <span class='ocrx_word' id='word_1_94' title='bbox 1038 1624 1182 1686; x_wconf 87' lang='lat' dir='ltr'><strong>Romano</strong></span> <span class='ocrx_word' id='word_1_95' title='bbox 1204 1644 1280 1705; x_wconf 88' lang='lat' dir='ltr'><strong>pon·</strong></span> 
     </span>
     <span class='ocr_line' id='line_1_14' title="bbox 356 1705 1280 1785; baseline 0.002 -18"><span class='ocrx_word' id='word_1_96' title='bbox 356 1705 440 1767; x_wconf 85' lang='lat' dir='ltr'><strong>tifice</strong></span> <span class='ocrx_word' id='word_1_97' title='bbox 462 1708 682 1785; x_wconf 87' lang='lat' dir='ltr'><strong>constitutum,</strong></span> <span class='ocrx_word' id='word_1_98' title='bbox 717 1707 772 1767; x_wconf 92' lang='lat' dir='ltr'><strong>sed</strong></span> <span class='ocrx_word' id='word_1_99' title='bbox 795 1706 915 1767; x_wconf 84' lang='lat' dir='ltr'><strong>videl-ur</strong></span> <span class='ocrx_word' id='word_1_100' title='bbox 937 1706 1046 1769; x_wconf 85' lang='lat' dir='ltr'>Isidori</span> <span class='ocrx_word' id='word_1_101' title='bbox 1069 1714 1280 1769; x_wconf 86' lang='lat' dir='ltr'><strong>commentum</strong></span> 
     </span>
     <span class='ocr_line' id='line_1_15' title="bbox 356 1788 1280 1869; baseline 0.001 -18"><span class='ocrx_word' id='word_1_102' title='bbox 356 1808 435 1852; x_wconf 87' lang='lat' dir='ltr'><strong>csse.</strong></span> <span class='ocrx_word' id='word_1_103' title='bbox 479 1788 539 1863; x_wconf 74' lang='lat' dir='ltr'><strong>Qui</strong></span> <span class='ocrx_word' id='word_1_104' title='bbox 562 1790 760 1869; x_wconf 82' lang='lat' dir='ltr'><strong>metropolim</strong></span> <span class='ocrx_word' id='word_1_105' title='bbox 785 1810 957 1851; x_wconf 84' lang='lat' dir='ltr'><strong>mensuram</strong></span> <span class='ocrx_word' id='word_1_106' title='bbox 980 1792 1122 1869; x_wconf 86' lang='lat' dir='ltr'><strong>civitatis,</strong></span> <span class='ocrx_word' id='word_1_107' title='bbox 1145 1799 1178 1851; x_wconf 84' lang='lat' dir='ltr'><strong>st</strong></span> <span class='ocrx_word' id='word_1_108' title='bbox 1199 1792 1280 1852; x_wconf 86' lang='lat' dir='ltr'><strong>Aoo·</strong></span> 
     </span>
     <span class='ocr_line' id='line_1_16' title="bbox 355 1871 1282 1955; baseline 0.003 -23"><span class='ocrx_word' id='word_1_109' title='bbox 355 1872 452 1953; x_wconf 78' lang='lat' dir='ltr'><strong>lytnm</strong></span> <span class='ocrx_word' id='word_1_110' title='bbox 474 1871 691 1933; x_wconf 78' lang='lat' dir='ltr'><strong>ceroferarium</strong></span> <span class='ocrx_word' id='word_1_111' title='bbox 715 1873 856 1951; x_wconf 87' lang='lat' dir='ltr'><strong>aliosque</strong></span> <span class='ocrx_word' id='word_1_112' title='bbox 875 1873 987 1953; x_wconf 81' lang='lat' dir='ltr'><strong>gradus</strong></span> <span class='ocrx_word' id='word_1_113' title='bbox 1011 1876 1137 1955; x_wconf 87' lang='lat' dir='ltr'><strong>egregia</strong></span> <span class='ocrx_word' id='word_1_114' title='bbox 1158 1876 1282 1935; x_wconf 77' lang='lat' dir='ltr'>inscitia</span> 
     </span>
     <span class='ocr_line' id='line_1_17' title="bbox 358 1955 1066 2045; baseline 0.001 -28"><span class='ocrx_word' id='word_1_115' title='bbox 358 1955 524 2033; x_wconf 85' lang='lat' dir='ltr'><strong>describit,</strong></span> <span class='ocrx_word' id='word_1_116' title='bbox 546 1964 577 2017; x_wconf 84' lang='lat' dir='ltr'><strong>et</strong></span> <span class='ocrx_word' id='word_1_117' title='bbox 597 1958 715 2017; x_wconf 89' lang='lat' dir='ltr'><strong>invenit</strong></span> <span class='ocrx_word' id='word_1_118' title='bbox 735 1964 839 2017; x_wconf 89' lang='lat' dir='ltr'><strong>tamen</strong></span> <span class='ocrx_word' id='word_1_119' title='bbox 862 1959 1066 2045; x_wconf 67' lang='lat' dir='ltr'><strong>carpontatem.</strong></span> 
     </span>
    </p>

    <p class='ocr_par' dir='ltr' id='par_1_5' title="bbox 355 2039 1282 2786">
     <span class='ocr_line' id='line_1_18' title="bbox 438 2039 1281 2119; baseline 0 -20"><span class='ocrx_word' id='word_1_120' title='bbox 438 2039 600 2115; x_wconf 78' lang='lat' dir='ltr'><strong>Pontifex,</strong></span> <span class='ocrx_word' id='word_1_121' title='bbox 621 2040 737 2119; x_wconf 89' lang='lat' dir='ltr'><strong>inquit,</strong></span> <span class='ocrx_word' id='word_1_122' title='bbox 759 2041 902 2119; x_wconf 82' lang='lat' dir='ltr'><strong>princeps</strong></span> <span class='ocrx_word' id='word_1_123' title='bbox 926 2040 1120 2101; x_wconf 85' lang='lat' dir='ltr'><strong>sacerdotum</strong></span> <span class='ocrx_word' id='word_1_124' title='bbox 1143 2047 1207 2117; x_wconf 86' lang='lat' dir='ltr'><strong>ost,</strong></span> <span class='ocrx_word' id='word_1_125' title='bbox 1232 2041 1281 2101; x_wconf 90' lang='lat' dir='ltr'><strong>vel</strong></span> 
     </span>
     <span class='ocr_line' id='line_1_19' title="bbox 355 2121 1281 2203; baseline 0.003 -20"><span class='ocrx_word' id='word_1_126' title='bbox 355 2141 426 2183; x_wconf 85' lang='lat' dir='ltr'><strong>esse</strong></span> <span class='ocrx_word' id='word_1_127' title='bbox 448 2121 568 2198; x_wconf 86' lang='lat' dir='ltr'><strong>dicitur,</strong></span> <span class='ocrx_word' id='word_1_128' title='bbox 590 2124 677 2201; x_wconf 88' lang='lat' dir='ltr'><strong>quasi</strong></span> <span class='ocrx_word' id='word_1_129' title='bbox 702 2124 751 2183; x_wconf 91' lang='lat' dir='ltr'><strong>vis</strong></span> <span class='ocrx_word' id='word_1_130' title='bbox 774 2124 978 2202; x_wconf 90' lang='lat' dir='ltr'><strong>sequentium.</strong></span> <span class='ocrx_word' id='word_1_131' title='bbox 1000 2124 1069 2203; x_wconf 83' lang='lat' dir='ltr'><strong>lpse</strong></span> <span class='ocrx_word' id='word_1_132' title='bbox 1093 2124 1175 2182; x_wconf 89' lang='lat' dir='ltr'><strong>enim</strong></span> <span class='ocrx_word' id='word_1_133' title='bbox 1198 2144 1281 2186; x_wconf 86' lang='lat' dir='ltr'><strong>sum·</strong></span> 
     </span>
     <span class='ocr_line' id='line_1_20' title="bbox 357 2205 1280 2286; baseline 0 -19"><span class='ocrx_word' id='word_1_134' title='bbox 357 2226 423 2267; x_wconf 91' lang='lat' dir='ltr'><strong>mus</strong></span> <span class='ocrx_word' id='word_1_135' title='bbox 445 2205 610 2279; x_wconf 87' lang='lat' dir='ltr'><strong>sacerdos,</strong></span> <span class='ocrx_word' id='word_1_136' title='bbox 638 2208 706 2286; x_wconf 85' lang='lat' dir='ltr'><strong>ipsc</strong></span> <span class='ocrx_word' id='word_1_137' title='bbox 726 2208 866 2285; x_wconf 82' lang='lat' dir='ltr'><strong>pontifex</strong></span> <span class='ocrx_word' id='word_1_138' title='bbox 889 2207 1040 2267; x_wconf 84' lang='lat' dir='ltr'><strong>maximus</strong></span> <span class='ocrx_word' id='word_1_139' title='bbox 1068 2214 1280 2286; x_wconf 85' lang='lat' dir='ltr'><strong>nuncupatur:</strong></span> 
     </span>
     <span class='ocr_line' id='line_1_21' title="bbox 355 2288 1281 2371; baseline 0 -22"><span class='ocrx_word' id='word_1_140' title='bbox 355 2290 423 2368; x_wconf 88' lang='lat' dir='ltr'><strong>ipse</strong></span> <span class='ocrx_word' id='word_1_141' title='bbox 446 2290 527 2349; x_wconf 89' lang='lat' dir='ltr'><strong>enim</strong></span> <span class='ocrx_word' id='word_1_142' title='bbox 550 2288 644 2350; x_wconf 87' lang='lat' dir='ltr'><strong>elficit</strong></span> <span class='ocrx_word' id='word_1_143' title='bbox 664 2289 844 2351; x_wconf 73' lang='lat' dir='ltr'><strong>sacerdotes</strong></span> <span class='ocrx_word' id='word_1_144' title='bbox 868 2298 899 2349; x_wconf 88' lang='lat' dir='ltr'><strong>et</strong></span> <span class='ocrx_word' id='word_1_145' title='bbox 920 2289 1046 2363; x_wconf 82' lang='lat' dir='ltr'><strong>levitas,</strong></span> <span class='ocrx_word' id='word_1_146' title='bbox 1079 2291 1146 2371; x_wconf 86' lang='lat' dir='ltr'><strong>ipse</strong></span> <span class='ocrx_word' id='word_1_147' title='bbox 1170 2309 1281 2351; x_wconf 89' lang='lat' dir='ltr'><strong>omnes</strong></span> 
     </span>
     <span class='ocr_line' id='line_1_22' title="bbox 356 2371 1281 2453; baseline 0 -19"><span class='ocrx_word' id='word_1_148' title='bbox 356 2372 480 2434; x_wconf 81' lang='lat' dir='ltr'><strong>ordines</strong></span> <span class='ocrx_word' id='word_1_149' title='bbox 503 2372 715 2434; x_wconf 83' lang='lat' dir='ltr'><strong>ecclesisticas</strong></span> <span class='ocrx_word' id='word_1_150' title='bbox 737 2371 889 2452; x_wconf 76' lang='lat' dir='ltr'><strong>disponit,</strong></span> <span class='ocrx_word' id='word_1_151' title='bbox 922 2374 991 2453; x_wconf 90' lang='lat' dir='ltr'><strong>ipse</strong></span> <span class='ocrx_word' id='word_1_152' title='bbox 1013 2372 1096 2452; x_wconf 90' lang='lat' dir='ltr'><strong>quod</strong></span> <span class='ocrx_word' id='word_1_153' title='bbox 1118 2379 1281 2452; x_wconf 84' lang='lat' dir='ltr'><strong>unusquis·</strong></span> 
     </span>
     <span class='ocr_line' id='line_1_23' title="bbox 356 2454 1282 2538; baseline 0.002 -22"><span class='ocrx_word' id='word_1_154' title='bbox 356 2475 417 2532; x_wconf 87' lang='lat' dir='ltr'><strong>que</strong></span> <span class='ocrx_word' id='word_1_155' title='bbox 440 2456 542 2516; x_wconf 84' lang='lat' dir='ltr'><strong>lacere</strong></span> <span class='ocrx_word' id='word_1_156' title='bbox 565 2454 665 2517; x_wconf 90' lang='lat' dir='ltr'><strong>debet.</strong></span> <span class='ocrx_word' id='word_1_157' title='bbox 709 2459 811 2519; x_wconf 85' lang='lat' dir='ltr'><strong>Antea</strong></span> <span class='ocrx_word' id='word_1_158' title='bbox 833 2467 933 2518; x_wconf 87' lang='lat' dir='ltr'><strong>autem</strong></span> <span class='ocrx_word' id='word_1_159' title='bbox 958 2456 1120 2536; x_wconf 82' lang='lat' dir='ltr'><strong>pontifices</strong></span> <span class='ocrx_word' id='word_1_160' title='bbox 1138 2466 1169 2518; x_wconf 83' lang='lat' dir='ltr'><strong>et</strong></span> <span class='ocrx_word' id='word_1_161' title='bbox 1190 2478 1282 2538; x_wconf 83' lang='lat' dir='ltr'><strong>regas</strong></span> 
     </span>
     <span class='ocr_line' id='line_1_24' title="bbox 357 2540 1281 2618; baseline 0.002 -20"><span class='ocrx_word' id='word_1_162' title='bbox 357 2544 458 2614; x_wconf 85' lang='lat' dir='ltr'><strong>erant,</strong></span> <span class='ocrx_word' id='word_1_163' title='bbox 487 2558 559 2600; x_wconf 85' lang='lat' dir='ltr'><strong>nam</strong></span> <span class='ocrx_word' id='word_1_164' title='bbox 582 2542 731 2600; x_wconf 85' lang='lat' dir='ltr'><strong>maiorum</strong></span> <span class='ocrx_word' id='word_1_165' title='bbox 754 2540 833 2600; x_wconf 87' lang='lat' dir='ltr'><strong>haec</strong></span> <span class='ocrx_word' id='word_1_166' title='bbox 853 2541 1045 2601; x_wconf 78' lang='lat' dir='ltr'><strong>consuetudo</strong></span> <span class='ocrx_word' id='word_1_167' title='bbox 1069 2541 1145 2618; x_wconf 84' lang='lat' dir='ltr'><strong>fuit,</strong></span> <span class='ocrx_word' id='word_1_168' title='bbox 1171 2547 1204 2600; x_wconf 88' lang='lat' dir='ltr'><strong>ut</strong></span> <span class='ocrx_word' id='word_1_169' title='bbox 1225 2561 1281 2602; x_wconf 85' lang='lat' dir='ltr'><strong>rex</strong></span> 
     </span>
     <span class='ocr_line' id='line_1_25' title="bbox 358 2619 1281 2704; baseline 0.002 -22"><span class='ocrx_word' id='word_1_170' title='bbox 358 2628 442 2682; x_wconf 82' lang='lat' dir='ltr'><strong>esset</strong></span> <span class='ocrx_word' id='word_1_171' title='bbox 472 2622 618 2684; x_wconf 73' lang='lat' dir='ltr'><strong>sacerdos</strong></span> <span class='ocrx_word' id='word_1_172' title='bbox 654 2631 685 2682; x_wconf 90' lang='lat' dir='ltr'><strong>et</strong></span> <span class='ocrx_word' id='word_1_173' title='bbox 722 2624 872 2702; x_wconf 84' lang='lat' dir='ltr'><strong>pontifex.</strong></span> <span class='ocrx_word' id='word_1_174' title='bbox 927 2623 1016 2685; x_wconf 88' lang='lat' dir='ltr'><strong>Unde</strong></span> <span class='ocrx_word' id='word_1_175' title='bbox 1051 2619 1091 2684; x_wconf 86' lang='lat' dir='ltr'><strong>at</strong></span> <span class='ocrx_word' id='word_1_176' title='bbox 1114 2623 1281 2704; x_wconf 84' lang='lat' dir='ltr'><strong>pontifices</strong></span> 
     </span>
     <span class='ocr_line' id='line_1_26' title="bbox 358 2704 1032 2786; baseline 0.003 -21"><span class='ocrx_word' id='word_1_177' title='bbox 358 2704 488 2766; x_wconf 81' lang='lat' dir='ltr'><strong>[tomani</strong></span> <span class='ocrx_word' id='word_1_178' title='bbox 510 2706 711 2785; x_wconf 88' lang='lat' dir='ltr'><strong>imperatores</strong></span> <span class='ocrx_word' id='word_1_179' title='bbox 734 2706 977 2786; x_wconf 78' lang='lat' dir='ltr'><strong>appellabantur.</strong></span> <span class='ocrx_word' id='word_1_180' title='bbox 1024 2709 1032 2715; x_wconf 81' lang='grc'><em>”</em></span> 
     </span>
    </p>

    <p class='ocr_par' dir='ltr' id='par_1_6' title="bbox 332 2788 1278 2870">
     <span class='ocr_line' id='line_1_27' title="bbox 332 2788 1278 2870; baseline 0.006 -28"><span class='ocrx_word' id='word_1_181' title='bbox 332 2819 341 2842; x_wconf 47' lang='lat' dir='ltr'><strong>s</strong></span> <span class='ocrx_word' id='word_1_182' title='bbox 438 2788 528 2848; x_wconf 92' lang='lat' dir='ltr'><strong>Hunc</strong></span> <span class='ocrx_word' id='word_1_183' title='bbox 561 2788 765 2850; x_wconf 83' lang='lat' dir='ltr'><strong>divinatorem</strong></span> <span class='ocrx_word' id='word_1_184' title='bbox 804 2798 1015 2870; x_wconf 89' lang='lat' dir='ltr'><strong>contemptum</strong></span> <span class='ocrx_word' id='word_1_185' title='bbox 1049 2790 1278 2869; x_wconf 75' lang='lat' dir='ltr'><strong>praeteriissent</strong></span> 
     </span>
    </p>
   </div>
   <div class='ocr_carea' id='block_1_4' title="bbox 304 2871 1378 3120">
    <p class='ocr_par' dir='ltr' id='par_1_7' title="bbox 304 2871 1378 3120">
     <span class='ocr_line' id='line_1_28' title="bbox 356 2871 1378 2949; baseline 0.001 -17"><span class='ocrx_word' id='word_1_186' title='bbox 356 2890 427 2932; x_wconf 90' lang='lat' dir='ltr'><strong>oum</strong></span> <span class='ocrx_word' id='word_1_187' title='bbox 450 2871 602 2932; x_wconf 86' lang='lat' dir='ltr'><strong>erroribus</strong></span> <span class='ocrx_word' id='word_1_188' title='bbox 625 2874 709 2949; x_wconf 86' lang='lat' dir='ltr'><strong>suis,</strong></span> <span class='ocrx_word' id='word_1_189' title='bbox 741 2875 799 2932; x_wconf 84' lang='lat' dir='ltr'><strong>nisi</strong></span> <span class='ocrx_word' id='word_1_190' title='bbox 822 2873 959 2934; x_wconf 86' lang='lat' dir='ltr'><strong>viderem</strong></span> <span class='ocrx_word' id='word_1_191' title='bbox 990 2873 1061 2932; x_wconf 89' lang='lat' dir='ltr'><strong>hinc</strong></span> <span class='ocrx_word' id='word_1_192' title='bbox 1084 2873 1163 2932; x_wconf 93' lang='lat' dir='ltr'><strong>sumi</strong></span> <span class='ocrx_word' id='word_1_193' title='bbox 1186 2872 1281 2933; x_wconf 86' lang='lat' dir='ltr'><strong>hodie</strong></span> <span class='ocrx_word' id='word_1_194' title='bbox 1377 2891 1378 2940; x_wconf 73' lang='lat'><em>3</em></span> 
     </span>
     <span class='ocr_line' id='line_1_29' title="bbox 304 2953 1378 3037; baseline 0.004 -24"><span class='ocrx_word' id='word_1_195' title='bbox 304 2960 313 2970; x_wconf 80' lang='lat'><strong><em>‘</em></strong></span> <span class='ocrx_word' id='word_1_196' title='bbox 356 2973 376 3013; x_wconf 83' lang='lat' dir='ltr'><strong>a</strong></span> <span class='ocrx_word' id='word_1_197' title='bbox 398 2953 570 3031; x_wconf 85' lang='lat' dir='ltr'><strong>nonnullis,</strong></span> <span class='ocrx_word' id='word_1_198' title='bbox 606 2955 688 3033; x_wconf 90' lang='lat' dir='ltr'><strong>quod</strong></span> <span class='ocrx_word' id='word_1_199' title='bbox 719 2976 830 3036; x_wconf 82' lang='lat' dir='ltr'><strong>papam</strong></span> <span class='ocrx_word' id='word_1_200' title='bbox 854 2957 1071 3037; x_wconf 81' lang='lat' dir='ltr'><strong>imperatorem</strong></span> <span class='ocrx_word' id='word_1_201' title='bbox 1100 2957 1281 3018; x_wconf 84' lang='lat' dir='ltr'><strong>maximum·</strong></span> <span class='ocrx_word' id='word_1_202' title='bbox 1377 2959 1378 2998; x_wconf 73' lang='lat'>3</span> 
     </span>
     <span class='ocr_line' id='line_1_30' title="bbox 358 3036 1378 3120; baseline 0.003 -22"><span class='ocrx_word' id='word_1_203' title='bbox 358 3057 419 3116; x_wconf 89' lang='lat' dir='ltr'><strong>que</strong></span> <span class='ocrx_word' id='word_1_204' title='bbox 444 3036 623 3116; x_wconf 87' lang='lat' dir='ltr'><strong>pontificem</strong></span> <span class='ocrx_word' id='word_1_205' title='bbox 654 3041 780 3104; x_wconf 75' lang='lat' dir='ltr'><strong>iactant.</strong></span> <span class='ocrx_word' id='word_1_206' title='bbox 823 3040 897 3100; x_wconf 87' lang='lat' dir='ltr'><strong>ldeo</strong></span> <span class='ocrx_word' id='word_1_207' title='bbox 931 3059 993 3100; x_wconf 92' lang='lat' dir='ltr'><strong>non</strong></span> <span class='ocrx_word' id='word_1_208' title='bbox 1026 3041 1105 3100; x_wconf 91' lang='lat' dir='ltr'><strong>inter</strong></span> <span class='ocrx_word' id='word_1_209' title='bbox 1123 3039 1280 3117; x_wconf 75' lang='lat' dir='ltr'><strong>Oenones,</strong></span> <span class='ocrx_word' id='word_1_210' title='bbox 1377 3077 1378 3120; x_wconf 54' lang='lat' dir='ltr'><strong>r</strong></span> 
     </span>
    </p>
   </div>
   <div class='ocr_carea' id='block_1_5' title="bbox 357 3121 1378 3286">
    <p class='ocr_par' dir='ltr' id='par_1_8' title="bbox 357 3121 1378 3286">
     <span class='ocr_line' id='line_1_31' title="bbox 357 3121 1378 3204; baseline 0.006 -24"><span class='ocrx_word' id='word_1_211' title='bbox 357 3121 412 3181; x_wconf 89' lang='lat' dir='ltr'><strong>sed</strong></span> <span class='ocrx_word' id='word_1_212' title='bbox 434 3122 515 3182; x_wconf 90' lang='lat' dir='ltr'><strong>inter</strong></span> <span class='ocrx_word' id='word_1_213' title='bbox 537 3140 630 3182; x_wconf 89' lang='lat' dir='ltr'><strong>canes</strong></span> <span class='ocrx_word' id='word_1_214' title='bbox 652 3123 734 3183; x_wconf 88' lang='lat' dir='ltr'><strong>hunc</strong></span> <span class='ocrx_word' id='word_1_215' title='bbox 755 3123 881 3202; x_wconf 90' lang='lat' dir='ltr'><strong>deputo.</strong></span> <span class='ocrx_word' id='word_1_216' title='bbox 1377 3169 1378 3204; x_wconf 52' lang='lat'>3</span> 
     </span>
     <span class='ocr_line' id='line_1_32' title="bbox 439 3204 1282 3286; baseline 0.004 -23"><span class='ocrx_word' id='word_1_217' title='bbox 439 3204 480 3265; x_wconf 77' lang='lat' dir='ltr'><strong>Et</strong></span> <span class='ocrx_word' id='word_1_218' title='bbox 501 3224 540 3264; x_wconf 89' lang='lat' dir='ltr'><strong>ne</strong></span> <span class='ocrx_word' id='word_1_219' title='bbox 563 3204 592 3264; x_wconf 93' lang='lat' dir='ltr'><strong>id</strong></span> <span class='ocrx_word' id='word_1_220' title='bbox 617 3207 683 3266; x_wconf 88' lang='lat' dir='ltr'><strong>sine</strong></span> <span class='ocrx_word' id='word_1_221' title='bbox 705 3206 817 3268; x_wconf 89' lang='lat' dir='ltr'><strong>iudicio</strong></span> <span class='ocrx_word' id='word_1_222' title='bbox 836 3207 956 3284; x_wconf 84' lang='lat' dir='ltr'><strong>faciam,</strong></span> <span class='ocrx_word' id='word_1_223' title='bbox 979 3225 1133 3286; x_wconf 88' lang='lat' dir='ltr'><strong>opponam</strong></span> <span class='ocrx_word' id='word_1_224' title='bbox 1158 3207 1187 3266; x_wconf 87' lang='lat' dir='ltr'><strong>ei</strong></span> <span class='ocrx_word' id='word_1_225' title='bbox 1210 3225 1282 3268; x_wconf 87' lang='lat' dir='ltr'><strong>con·</strong></span> 
     </span>
    </p>
   </div>
   <div class='ocr_carea' id='block_1_6' title="bbox 357 3287 1378 3368">
    <p class='ocr_par' dir='ltr' id='par_1_9' title="bbox 357 3287 1378 3368">
     <span class='ocr_line' id='line_1_33' title="bbox 357 3287 1378 3368; baseline 0.002 -20"><span class='ocrx_word' id='word_1_226' title='bbox 357 3289 449 3349; x_wconf 85' lang='lat' dir='ltr'><strong>traria</strong></span> <span class='ocrx_word' id='word_1_227' title='bbox 473 3287 621 3367; x_wconf 87' lang='lat' dir='ltr'><strong>Decreta,</strong></span> <span class='ocrx_word' id='word_1_228' title='bbox 654 3309 734 3368; x_wconf 88' lang='lat' dir='ltr'><strong>qnae</strong></span> <span class='ocrx_word' id='word_1_229' title='bbox 757 3290 847 3350; x_wconf 90' lang='lat' dir='ltr'><strong>simul</strong></span> <span class='ocrx_word' id='word_1_230' title='bbox 869 3291 1051 3350; x_wconf 86' lang='lat' dir='ltr'><strong>sententiam</strong></span> <span class='ocrx_word' id='word_1_231' title='bbox 1075 3298 1213 3350; x_wconf 85' lang='lat' dir='ltr'><strong>nostram</strong></span> <span class='ocrx_word' id='word_1_232' title='bbox 1237 3292 1279 3350; x_wconf 92' lang='lat' dir='ltr'><strong>iu·</strong></span> <span class='ocrx_word' id='word_1_233' title='bbox 1377 3301 1378 3326; x_wconf 68' lang='lat'><em>³</em></span> 
     </span>
    </p>
   </div>
   <div class='ocr_carea' id='block_1_7' title="bbox 357 3371 1281 3438">
    <p class='ocr_par' dir='ltr' id='par_1_10' title="bbox 357 3371 1281 3438">
     <span class='ocr_line' id='line_1_34' title="bbox 357 3371 1281 3438; baseline 0.004 -9"><span class='ocrx_word' id='word_1_234' title='bbox 357 3371 481 3431; x_wconf 87' lang='lat' dir='ltr'><strong>vabnnt.</strong></span> <span class='ocrx_word' id='word_1_235' title='bbox 524 3372 641 3434; x_wconf 88' lang='lat' dir='ltr'><strong>Dicitur</strong></span> <span class='ocrx_word' id='word_1_236' title='bbox 668 3375 750 3434; x_wconf 89' lang='lat' dir='ltr'><strong>cuim</strong></span> <span class='ocrx_word' id='word_1_237' title='bbox 778 3373 845 3437; x_wconf 88' lang='lat' dir='ltr'><strong>dist.</strong></span> <span class='ocrx_word' id='word_1_238' title='bbox 870 3377 919 3438; x_wconf 83' lang='grc'><strong>99.</strong></span> <span class='ocrx_word' id='word_1_239' title='bbox 942 3375 967 3434; x_wconf 84' lang='lat' dir='ltr'><strong>c.</strong></span> <span class='ocrx_word' id='word_1_240' title='bbox 989 3373 1123 3433; x_wconf 84' lang='lat' dir='ltr'><strong>Primae:</strong></span> <span class='ocrx_word' id='word_1_241' title='bbox 1158 3373 1281 3434; x_wconf 83' lang='lat' dir='ltr'><strong>Primae</strong></span> 
     </span>
    </p>
   </div>
   <div class='ocr_carea' id='block_1_8' title="bbox 358 3447 1378 3536">
    <p class='ocr_par' dir='ltr' id='par_1_11' title="bbox 358 3447 1378 3536">
     <span class='ocr_line' id='line_1_35' title="bbox 358 3447 1378 3536; baseline 0.004 -24"><span class='ocrx_word' id='word_1_242' title='bbox 358 3452 440 3514; x_wconf 87' lang='lat' dir='ltr'><strong>sedis</strong></span> <span class='ocrx_word' id='word_1_243' title='bbox 461 3454 626 3535; x_wconf 90' lang='lat' dir='ltr'><strong>episcopus</strong></span> <span class='ocrx_word' id='word_1_244' title='bbox 641 3476 704 3519; x_wconf 90' lang='lat' dir='ltr'><strong>nou</strong></span> <span class='ocrx_word' id='word_1_245' title='bbox 725 3457 899 3536; x_wconf 84' lang='lat' dir='ltr'><strong>appelletur</strong></span> <span class='ocrx_word' id='word_1_246' title='bbox 913 3447 1054 3536; x_wconf 82' lang='lat' dir='ltr'><strong>princeps</strong></span> <span class='ocrx_word' id='word_1_247' title='bbox 1071 3455 1281 3533; x_wconf 85' lang='lat' dir='ltr'><strong>sacerdotum,</strong></span> <span class='ocrx_word' id='word_1_248' title='bbox 1377 3453 1378 3462; x_wconf 71' lang='grc'>’</span> 
     </span>
    </p>
   </div>
   <div class='ocr_carea' id='block_1_9' title="bbox 357 3537 1378 3960">
    <p class='ocr_par' dir='ltr' id='par_1_12' title="bbox 357 3537 1378 3868">
     <span class='ocr_line' id='line_1_36' title="bbox 357 3537 1280 3618; baseline 0.003 -21"><span class='ocrx_word' id='word_1_249' title='bbox 357 3537 408 3598; x_wconf 86' lang='lat' dir='ltr'><strong>vel</strong></span> <span class='ocrx_word' id='word_1_250' title='bbox 435 3556 570 3598; x_wconf 90' lang='lat' dir='ltr'><strong>summus</strong></span> <span class='ocrx_word' id='word_1_251' title='bbox 606 3540 769 3611; x_wconf 78' lang='lat' dir='ltr'><strong>sacerdos,</strong></span> <span class='ocrx_word' id='word_1_252' title='bbox 797 3548 849 3601; x_wconf 88' lang='lat' dir='ltr'><strong>aut</strong></span> <span class='ocrx_word' id='word_1_253' title='bbox 870 3539 983 3618; x_wconf 88' lang='lat' dir='ltr'><strong>aliquid</strong></span> <span class='ocrx_word' id='word_1_254' title='bbox 1004 3538 1194 3617; x_wconf 87' lang='lat' dir='ltr'><strong>huiusmodi,</strong></span> <span class='ocrx_word' id='word_1_255' title='bbox 1226 3538 1280 3600; x_wconf 82' lang='lat' dir='ltr'><strong>sed</strong></span> 
     </span>
     <span class='ocr_line' id='line_1_37' title="bbox 358 3622 1378 3703; baseline 0.002 -23"><span class='ocrx_word' id='word_1_256' title='bbox 358 3627 475 3680; x_wconf 86' lang='lat' dir='ltr'><strong>tantum</strong></span> <span class='ocrx_word' id='word_1_257' title='bbox 497 3622 613 3699; x_wconf 89' lang='lat' dir='ltr'><strong>primae</strong></span> <span class='ocrx_word' id='word_1_258' title='bbox 635 3623 718 3684; x_wconf 87' lang='lat' dir='ltr'><strong>sedis</strong></span> <span class='ocrx_word' id='word_1_259' title='bbox 740 3625 915 3703; x_wconf 79' lang='lat' dir='ltr'><strong>episcopus.</strong></span> <span class='ocrx_word' id='word_1_260' title='bbox 941 3623 998 3695; x_wconf 34' lang='lat' dir='ltr'><strong>,Et</strong></span> <span class='ocrx_word' id='word_1_261' title='bbox 1019 3623 1173 3701; x_wconf 87' lang='lat' dir='ltr'><strong>sequitur:</strong></span> <span class='ocrx_word' id='word_1_262' title='bbox 1208 3622 1281 3684; x_wconf 92' lang='lat' dir='ltr'><strong>Uni·</strong></span> <span class='ocrx_word' id='word_1_263' title='bbox 1377 3691 1378 3698; x_wconf 8' lang='grc' dir='ltr'>ἵ</span> 
     </span>
     <span class='ocr_line' id='line_1_38' title="bbox 358 3704 1378 3786; baseline 0.003 -23"><span class='ocrx_word' id='word_1_264' title='bbox 358 3704 485 3765; x_wconf 85' lang='lat' dir='ltr'><strong>versalia</strong></span> <span class='ocrx_word' id='word_1_265' title='bbox 519 3712 620 3766; x_wconf 90' lang='lat' dir='ltr'><strong>autem</strong></span> <span class='ocrx_word' id='word_1_266' title='bbox 655 3727 715 3766; x_wconf 90' lang='lat' dir='ltr'><strong>neo</strong></span> <span class='ocrx_word' id='word_1_267' title='bbox 746 3709 838 3768; x_wconf 87' lang='lat' dir='ltr'><strong>etiam</strong></span> <span class='ocrx_word' id='word_1_268' title='bbox 861 3708 1019 3768; x_wconf 80' lang='lat' dir='ltr'><strong>Romanus</strong></span> <span class='ocrx_word' id='word_1_269' title='bbox 1052 3706 1194 3785; x_wconf 78' lang='lat' dir='ltr'><strong>pontifex</strong></span> <span class='ocrx_word' id='word_1_270' title='bbox 1229 3726 1281 3786; x_wconf 83' lang='lat' dir='ltr'><strong>ap·</strong></span> <span class='ocrx_word' id='word_1_271' title='bbox 1377 3777 1378 3786; x_wconf 12' lang='grc' dir='ltr'>ἶ</span> 
     </span>
     <span class='ocr_line' id='line_1_39' title="bbox 357 3787 1378 3868; baseline 0.006 -20"><span class='ocrx_word' id='word_1_272' title='bbox 357 3787 497 3868; x_wconf 90' lang='lat' dir='ltr'><strong>pelletur.</strong></span> <span class='ocrx_word' id='word_1_273' title='bbox 550 3805 553 3810; x_wconf 65' lang='grc'>“</span> <span class='ocrx_word' id='word_1_274' title='bbox 1377 3789 1378 3854; x_wconf 71' lang='grc' dir='ltr'>ἶ</span> 
     </span>
    </p>

    <p class='ocr_par' dir='ltr' id='par_1_13' title="bbox 439 3871 1378 3960">
     <span class='ocr_line' id='line_1_40' title="bbox 439 3871 1378 3960; baseline 0.007 -31"><span class='ocrx_word' id='word_1_275' title='bbox 439 3871 497 3929; x_wconf 92' lang='lat' dir='ltr'><strong>Hic</strong></span> <span class='ocrx_word' id='word_1_276' title='bbox 518 3889 578 3950; x_wconf 85' lang='lat' dir='ltr'><strong>ego</strong></span> <span class='ocrx_word' id='word_1_277' title='bbox 597 3873 629 3932; x_wconf 89' lang='lat' dir='ltr'><strong>iu</strong></span> <span class='ocrx_word' id='word_1_278' title='bbox 646 3872 790 3936; x_wconf 87' lang='lat' dir='ltr'><strong>iudicium</strong></span> <span class='ocrx_word' id='word_1_279' title='bbox 815 3893 894 3935; x_wconf 79' lang='lat' dir='ltr'><strong>voco</strong></span> <span class='ocrx_word' id='word_1_280' title='bbox 916 3875 1001 3954; x_wconf 90' lang='lat' dir='ltr'><strong>ipsos</strong></span> <span class='ocrx_word' id='word_1_281' title='bbox 1024 3892 1161 3935; x_wconf 85' lang='lat' dir='ltr'><strong>canones</strong></span> <span class='ocrx_word' id='word_1_282' title='bbox 1184 3879 1218 3934; x_wconf 86' lang='lat' dir='ltr'><strong>et</strong></span> <span class='ocrx_word' id='word_1_283' title='bbox 1231 3892 1278 3936; x_wconf 77' lang='lat' dir='ltr'><strong>oa·</strong></span> <span class='ocrx_word' id='word_1_284' title='bbox 1377 3933 1378 3960; x_wconf 71' lang='lat'><strong>,</strong></span> 
     </span>
    </p>
   </div>
   <div class='ocr_carea' id='block_1_10' title="bbox 358 3953 1378 4036">
    <p class='ocr_par' dir='ltr' id='par_1_14' title="bbox 358 3953 1378 4036">
     <span class='ocr_line' id='line_1_41' title="bbox 358 3953 1378 4036; baseline 0 -20"><span class='ocrx_word' id='word_1_285' title='bbox 358 3955 506 4032; x_wconf 86' lang='lat' dir='ltr'><strong>nonistas,</strong></span> <span class='ocrx_word' id='word_1_286' title='bbox 529 3953 734 4032; x_wconf 85' lang='lat' dir='ltr'><strong>doceantme,</strong></span> <span class='ocrx_word' id='word_1_287' title='bbox 757 3975 885 4035; x_wconf 81' lang='lat' dir='ltr'><strong>quaeso,</strong></span> <span class='ocrx_word' id='word_1_288' title='bbox 908 3957 978 4036; x_wconf 92' lang='lat' dir='ltr'><strong>quid</strong></span> <span class='ocrx_word' id='word_1_289' title='bbox 1001 3957 1052 4019; x_wconf 88' lang='lat' dir='ltr'><strong>hic</strong></span> <span class='ocrx_word' id='word_1_290' title='bbox 1064 3956 1175 4018; x_wconf 87' lang='lat' dir='ltr'><strong>dicam.</strong></span> <span class='ocrx_word' id='word_1_291' title='bbox 1221 3957 1279 4016; x_wconf 89' lang='lat' dir='ltr'><strong>lste</strong></span> <span class='ocrx_word' id='word_1_292' title='bbox 1377 3989 1378 4016; x_wconf 64' lang='lat' dir='ltr'><strong>r</strong></span> 
     </span>
    </p>
   </div>
   <div class='ocr_carea' id='block_1_11' title="bbox 357 4036 1280 4120">
    <p class='ocr_par' dir='ltr' id='par_1_15' title="bbox 357 4036 1280 4120">
     <span class='ocr_line' id='line_1_42' title="bbox 357 4036 1280 4120; baseline 0.003 -23"><span class='ocrx_word' id='word_1_293' title='bbox 357 4055 458 4098; x_wconf 85' lang='lat' dir='ltr'><strong>canon</strong></span> <span class='ocrx_word' id='word_1_294' title='bbox 479 4036 630 4117; x_wconf 83' lang='lat' dir='ltr'><strong>probatus·</strong></span> <span class='ocrx_word' id='word_1_295' title='bbox 643 4047 699 4118; x_wconf 90' lang='lat' dir='ltr'><strong>est,</strong></span> <span class='ocrx_word' id='word_1_296' title='bbox 721 4039 777 4100; x_wconf 88' lang='lat' dir='ltr'><strong>sed</strong></span> <span class='ocrx_word' id='word_1_297' title='bbox 791 4040 870 4119; x_wconf 87' lang='lat' dir='ltr'><strong>vide,</strong></span> <span class='ocrx_word' id='word_1_298' title='bbox 885 4048 999 4120; x_wconf 84' lang='lat' dir='ltr'><strong>quanto</strong></span> <span class='ocrx_word' id='word_1_299' title='bbox 1016 4041 1134 4102; x_wconf 86' lang='lat' dir='ltr'><strong>maiora</strong></span> <span class='ocrx_word' id='word_1_300' title='bbox 1151 4039 1280 4101; x_wconf 86' lang='lat' dir='ltr'><strong>crimina</strong></span> 
     </span>
    </p>
   </div>
   <div class='ocr_carea' id='block_1_12' title="bbox 0 0 1546 4775">
    <p class='ocr_par' dir='ltr' id='par_1_16' title="bbox 0 0 1546 4775">
     <span class='ocr_line' id='line_1_43' title="bbox 0 0 1546 4775; baseline 0 0"><span class='ocrx_word' id='word_1_301' title='bbox 0 0 1546 4775; x_wconf 95' lang='lat' dir='ltr'><strong> </strong></span> 
     </span>
    </p>
   </div>
  </div>
 </body>
</html>
