3075 4775
260 564 266 580 ι
347 540 424 645 :159
570 541 731 611 Disputatio
749 543 859 611 lipsiae
877 543 972 596 habits
991 558 1016 597 a.
1036 540 1096 595 xlx

353 730 571 810 blasphemant
580 735 612 790 et
632 729 757 792 eiulant.
781 729 884 806 Quare
896 748 951 811 per
969 730 1028 791 sub
1039 730 1153 793 temam
1166 748 1278 792 neoes-

354 814 436 875 sario
458 814 668 896 purgatorium
690 822 721 874 et
742 833 805 875 non
829 814 943 875 inferos
965 814 1139 897 intelligere
1163 822 1280 895 potest.

354 897 502 973 Quamvis
522 917 585 957 non
601 903 712 978 negem
740 898 771 957 in
795 916 883 959 saona
906 897 1061 978 Scriptura
1089 898 1181 959 etiam
1203 897 1279 958 dae·

354 1000 480 1041 monum
502 981 568 1042 lieri
588 982 777 1042 mentionem
799 983 829 1041 in
851 982 965 1059 inferis,
987 982 1019 1041 in
1034 981 1181 1061 apostolo
1204 1000 1277 1043 eoe-

354 1065 454 1143 lestia,
476 1072 585 1126 terrast
585 1066 639 1127 ria
683 1064 743 1126 Sed
765 1065 827 1126 boe
849 1064 924 1125 nihil
946 1065 985 1126 ad
1009 1063 1191 1127 Rhombum

399 1148 624 1240 Apportovit
657 1154 760 1209 autem
796 1148 933 1229 glossam
968 1168 1059 1245 super
1089 1148 1144 1209 illo
1167 1148 1279 1226 verbo,

354 1198 473 1309 santet,
509 1224 595 1311 qnod
617 1233 657 1293 sit
677 1250 798 1292 oruoem
821 1238 945 1312 portare
966 1234 1048 1292 etin
1071 1232 1278 1293 tribulationi-

291 1375 299 1385 ,
354 1315 411 1375 bus
433 1317 532 1376 Deum
566 1315 708 1393 laudare,
737 1334 828 1393 quam
851 1316 1002 1459 glossam
1032 1322 1065 1374 ut
1088 1314 1163 1377 aD
1186 1314 1280 1375 Patre

354 1398 415 1461 hoe
436 1400 506 1459 looo
528 1398 641 1477 fletam,
663 1418 701 1458 ea
721 1399 868 1459 facilitate
888 1418 945 1459 oon
949 1406 1062 1461 wemno
1084 1398 1150 1459 lmo
1162 1396 1279 1459 loban

354 1502 419 1543 nes
433 1502 495 1543 non
517 1484 631 1561 patitur
651 1484 696 1543 sia
716 1502 750 1541 se
773 1478 898 1562 e'xponi,
921 1484 992 1561 quia
1012 1483 1128 1560 inquit:
1163 1481 1278 1542 (lanta-

354 1566 458 1628 bunt
450 1586 482 1648 ιιι
512 1565 659 1642 ooelo,'
651 1586 683 1626 ιιι
706 1573 802 1641 terra,
831 1565 962 1627 modo
954 1585 984 1624 ιιι
1008 1564 1098 1625 ooelo
1122 1582 1185 1625 non
1207 1583 1279 1645 por-

355 1655 422 1709 tant
443 1667 581 1724 erucem,
610 1668 670 1711 neo
690 1649 722 1708 in
744 1648 990 1710 tribulationibus
1017 1637 1145 1711 laudant
1165 1648 1278 1723 Deum

358 1732 503 1812 quoniam
537 1697 686 1829 abstergit
707 1732 792 1791 Deus
824 1734 869 1791 sio
900 1746 1023 1793 omnem
1051 1733 1208 1792 laenmam
1238 1730 1279 1791 ab

355 1816 452 1876 oeulis
475 1834 591 1892 eorum,
611 1816 672 1875 iam
694 1834 756 1875 non
780 1822 826 1875 est
848 1815 927 1875 nllus
947 1814 1037 1874 labor
1059 1821 1090 1875 et
1105 1814 1195 1875 dolor
1218 1822 1280 1876 ete.

439 1897 529 1973 Quod
551 1900 577 1958 si
599 1900 690 1958 etiarn
714 1898 801 1957 daret
790 1908 837 1957 tur
858 1899 1013 1978 expositio
1036 1917 1106 1973 sua
1140 1904 1172 1957 et
1194 1904 1282 1957 esset

356 2002 438 2059 vera,
457 1983 540 2041 siout
560 1989 664 2042 tamen
685 1982 794 2041 literae
814 1989 982 2062 repugnat·
1004 1980 1104 2040 adhue
1125 1981 1187 2041 hoo
1207 1998 1281 2061 pro·

355 2066 490 2145 positum
512 2084 576 2125 non
596 2071 760 2144 rumperet
784 2083 854 2125 nam
876 2064 1049 2125 laudantes
1053 2064 1180 2128 Deum
1172 2084 1202 2122 in
1227 2064 1280 2123 tri-

356 2146 562 2209 bulationibus
584 2155 811 2235 postmortem
836 2144 1038 2207 certissimum
1064 2146 1213 2207 haberent
1235 2147 1281 2206 ιιι-

357 2237 443 2292 turae
464 2230 662 2291 beatitudinis
685 2226 815 2327 signum,
837 2250 906 2291 oum
923 2231 1058 2310 damnati
1076 2236 1185 2291 eontra
1205 2249 1281 2291 oon-

356 2321 508 2375 summato
535 2314 609 2375 odio
638 2314 729 2373 Dei
721 2334 752 2373 ιιι
780 2322 960 2412 perpetuam
991 2296 1193 2394 prorun‘ipunt
1214 2332 1282 2374 are-

356 2401 450 2459 ato1·is
486 2397 718 2478 blasphemiam
762 2397 865 2472 Quare
893 2400 1014 2458 animae
1035 2397 1215 2478 purgandae
1238 2397 1282 2458 de
1324 2391 1333 2408 ’

282 2491 310 2521 -’
358 2482 456 2541 salute
477 2499 586 2543 secure
607 2486 733 2542 oautant
761 2488 793 2541 et
814 2481 912 2542 Deum
939 2480 1081 2560 laudant,
1113 2481 1278 2542 terminum

357 2565 548 2645 purgationis
570 2570 797 2644 exspeotantes.

409 2649 509 2708 *Cum
536 2666 612 2708 vero
641 2648 831 2708 induxissem
867 2665 1017 2707 canonem
1050 2646 1183 2724 missae,
1218 2666 1283 2727 quo

357 2749 413 2792 eos
435 2731 570 2792 dormire
590 2732 621 2790 in
639 2749 749 2792 somno
774 2732 858 2810 paois
881 2731 1039 2810 asseritur,
1075 2749 1137 2790 non
1165 2731 1284 2809 patitur

357 2813 526 2876 illationem
548 2833 668 2891 meam,
691 2816 716 2873 si
735 2815 769 2872 in
791 2831 901 2873 somno
923 2815 1019 2894 panis,
1042 2832 1116 2892 ergo
1139 2825 1209 2872 sunt
1231 2833 1282 2874 se-

293 2913 299 2926 '
356 2915 448 2958 aurae
473 2897 512 2957 de
523 2897 633 2975 salute,
657 2904 688 2957 et
700 2918 761 2957 non
785 2897 964 2976 inhonore,
987 2902 1129 2975 tremore,
1149 2915 1281 2976 pavore,

356 2987 388 3040 et
408 2982 495 3059 quasi
523 2979 750 3059 desperatione.
786 2980 950 3040 Rationem
979 2979 1131 3058 duplioem
1151 2978 1283 3059 adduxi,

357 3065 474 3142 primo,
497 3065 569 3142 quia
589 3070 748 3142 sequatur,
779 3070 812 3122 ut
843 3064 886 3122 eis
908 3061 1011 3124 looum
1033 3063 1180 3144 refrigerii
1202 3062 1283 3123 lueis
1314 3070 1322 3084 '

358 3154 390 3207 et
411 3147 497 3226 paeis
512 3146 683 3289 indplgeas,
700 3146 847 3243 seeundo,
869 3147 940 3224 quie
953 3147 1128 3224 frequenter
1140 3165 1283 3206 oramus:

356 3230 504 3308 Requiem
527 3237 682 3290 aeternam
706 3230 788 3290 dona
812 3231 867 3304 eis
880 3229 1028 3307 Domine,
1051 3238 1097 3290 et:
1120 3229 1212 3290 Dona
1234 3231 1280 3289 eis

378 3331 476 3373 auem.

357 3332 377 3392 p
438 3395 511 3456 Ideo
534 3396 625 3456 aliam
639 3396 775 3476 glossam
798 3394 890 3469 dedit
912 3393 1018 3483 quod
1017 3394 1174 3456 dormiant
1196 3413 1280 3456 soni-

356 3497 426 3538 num
456 3480 562 3558 pasis,
592 3480 709 3539 soilioet
736 3479 840 3556 quoad
868 3495 995 3558 eorpus,
1026 3497 1089 3538 non
1112 3475 1280 3540 eontentor

355 3579 413 3621 nea
435 3562 624 3636 obiectione
647 3581 707 3622 neo
728 3581 813 3621 nova
834 3581 890 3622 sua
911 3561 1032 3640 glossa
1057 3579 1136 3640 quaa
1156 3561 1276 3622 nullam

354 3643 449 3704 babet
477 3647 716 3725 apparentiam,
739 3645 855 3704 nullum
884 3663 1008 3726 quoque
1034 3644 1278 3722 fondamentum.

355 3727 434 3788 Nom
463 3728 537 3788 dieit
563 3747 682 3789 eonon:
708 3729 863 3794 Memento
888 3745 1009 3804 eorum,
1039 3729 1089 3806 qui
1112 3727 1279 3806 dormiunt,

357 3817 388 3870 et
408 3812 499 3872 infra:
521 3810 562 3870 Et
584 3812 726 3873 omnibus
748 3814 778 3870 in
802 3810 923 3872 Christo
946 3810 1183 3890 quiescentibus.
1205 3810 1278 3872 Non

356 3892 445 3954 dieii:
476 3894 512 3953 ln
534 3894 676 3973 sepuloro
700 3893 936 3973 quiessentibus.
975 3895 1069 3955 Porro
1092 3893 1164 3982 quid
1185 3894 1280 3954 refert

355 3975 395 4037 ad
425 3978 560 4037 animam
581 3992 693 4057 eorpus
712 3977 827 4037 babere
848 3995 968 4055 paeoni,
990 3977 1040 4036 vil
1062 3978 1180 4053 minus,
1211 3977 1280 4037 sive

356 4077 376 4118 a
395 4061 472 4120 mari
492 4061 637 4140 instetur,
659 4063 726 4121 sive
748 4079 767 4120 a
790 4059 861 4120 laris
883 4059 1048 4139 lassaretur,
1078 4058 1279 4141 quemadmo-
