3075 4775
338 541 403 609 438
574 545 621 600 ΙΙΙ.
658 544 764 600 &nais
784 545 819 600 de
838 547 1013 601 wamma

339 749 443 812 speum
462 740 496 792 et
514 732 710 794 ablevemus
732 733 800 793 eins
820 733 966 813 inopiam.
1010 731 1099 808 Quod
1122 733 1174 812 qui
1196 749 1261 795 non

338 817 471 893 iaciunt,
508 816 552 876 iiii
583 823 638 877 aut
657 815 831 876 ffinsfiano
860 815 985 876 nomine
1014 833 1076 878 nou
1099 823 1171 876 aunt
1191 833 1262 876 aeu-

340 897 443 976 sendi‚
465 906 518 960 aut
540 907 623 960 sarie
645 900 737 959 nimis
758 896 870 958 infirmi
893 905 979 976 sunt,
1004 901 1124 960 etiamsi
1145 901 1262 960 iactent

338 1001 372 1043 ss
394 981 506 1044 Christi
538 1001 599 1044 una
633 1001 700 1041 eum
732 981 952 1058 omnibusne,
987 1001 1066 1061 quae
1088 982 1196 1059 habet,
1231 984 1261 1041 in

338 1066 401 1127 boa
420 1074 613 1127 testamento
636 1066 801 1146 participes
823 1065 920 1125 fastos
943 1083 1021 1126 esse.

420 1147 491 1209 Non
511 1156 614 1210 autem
638 1149 750 1208 certius
771 1155 984 1228 argumentum
1009 1154 1071 1225 sat,
1106 1167 1144 1207 an
1168 1148 1264 1228 digne

339 1240 370 1292 et
392 1251 461 1292 eum
483 1232 581 1292 fructu
603 1232 664 1292 hoa
680 1239 873 1292 sacramento
897 1233 940 1292 sis
957 1250 1040 1308 usus,
1063 1249 1153 1310 quem
1177 1231 1261 1312 quod

339 1337 378 1376 ax
401 1316 536 1375 ueritatis
550 1315 658 1376 officiis
681 1316 817 1376 sumitur.
855 1315 932 1374 Nam
957 1314 1038 1393 quod
1061 1321 1113 1374 aut
1130 1333 1262 1394 magnus

339 1399 427 1459 fuerit
459 1400 552 1458 animi
585 1397 677 1458 ardor
711 1400 741 1456 in
775 1398 925 1458 sumendo
960 1406 1170 1475 sacramento,
1209 1406 1264 1457 aut

339 1483 422 1560 quod
453 1483 588 1541 sensisse
622 1479 676 1541 tibi
710 1480 839 1550 videris,
880 1489 913 1540 ut
944 1481 1060 1550 verbis!
1074 1478 1188 1544 Christi
1223 1483 1262 1540 sit

338 1574 472 1626 ereetum
495 1572 526 1623 et
547 1565 760 1624 confirmatum
783 1582 837 1624 eor
859 1571 963 1641 tunm,
994 1565 1047 1624 iiie
1070 1567 1126 1624 etsi
1148 1567 1263 1643 impro-

338 1648 403 1708 bari
424 1667 486 1707 non
510 1655 657 1726 possunt,
679 1666 741 1706 non
765 1655 868 1708 tamen
890 1655 961 1707 sunt
983 1655 1045 1708 tam
1066 1653 1151 1707 uerte
1172 1666 1262 1727 argu-

338 1739 449 1791 menta.
477 1729 603 1793 'Officia
618 1749 691 1791 vero
714 1731 849 1790 sanitatis
865 1731 918 1790 iila
940 1739 970 1790 te
992 1738 1107 1790 neutum
1129 1739 1263 1810 possunt

332 1815 457 1890 iacere,
491 1815 583 1893 digne
606 1833 643 1872 an
667 1812 874 1893 indignatos
895 1820 1087 1874 sacramento
1111 1814 1153 1873 sis
1177 1831 1260 1876 usus.

339 1897 439 1978 Digne
459 1898 539 1956 enus
563 1899 588 1956 is
611 1915 649 1956 eo
672 1915 743 1956 usus
766 1904 829 1972 est,
864 1898 915 1975 qui
945 1898 988 1957 ita
1014 1915 1069 1957 eor
1090 1915 1178 1957 suum
1201 1896 1285 1970 hoe

338 1981 426 2060 signo
453 1987 641 2040 commotum
664 1981 771 2046 sentit,
806 1989 838 2039 ut
860 1980 951 2040 etiam
983 1981 1125 2040 inimicos
1155 1978 1263 2039 odisse.

338 2063 473 2135 desinat,
515 2072 546 2121 et
581 2082 689 2123 omnes
721 2062 816 2139 aiios,
856 2064 907 2141 qui
939 2083 996 2123 sue
1026 2062 1141 2122 habent
1182 2083 1262 2142 opus

338 2165 443 2225 opera,
466 2147 560 2223 iuvet,
582 2146 712 2206 aliorum
734 2145 927 2206 calamitates
949 2165 1073 2224 quoque
1096 2164 1167 2206 suas
1191 2165 1262 2204 esse

337 2230 500 2288 existimat.

419 2310 478 2385 Qui
501 2330 564 2371 non
586 2313 721 2371 sentiunt
742 2311 800 2372 hos
823 2311 960 2391 aflectus,
983 2311 1026 2370 ilii
1047 2312 1156 2372 inserti
1180 2321 1261 2385 suut,
1300 2382 1304 2388 ¹

337 2396 457 2455 etiamsi
479 2395 607 2475 singuiis
621 2395 728 2455 diebus
751 2396 867 2455 senties
889 2394 949 2456 hoe
962 2402 1158 2456 sacramento
1175 2403 1263 2455 utau-

337 2487 399 2555 tur‚
433 2480 525 2538 etiam
553 2497 622 2538 enm
650 2480 871 2539 tentamentis
901 2478 1026 2557 andere,
1062 2486 1095 2538 ut
1117 2474 1260 2538 lacrimas*

337 2580 410 2640 prae
432 2562 704 2641 gaudiniundant.
748 2562 856 2640 Neque
878 2563 959 2621 enim
983 2562 1065 2621 Dens
1088 2562 1259 2622 mirabilem

337 2645 421 2704 ilium
444 2644 585 2705 ardorem
604 2648 713 2704 mentis
736 2644 816 2705 adeo
830 2644 1015 2725 magnifacit,
1038 2663 1260 2723 nonnunquam

337 2729 419 2789 enim
452 2736 499 2787 est
528 2748 596 2787 cum
627 2729 744 2787 maiore
774 2728 929 2807 peniculo,
965 2746 1055 2805 quam
1090 2728 1258 2789 anamodo

337 2813 527 2871 coniunctus.
571 2810 639 2871 Hos
660 2830 811 2870 summum
836 2818 898 2889 est,
929 2818 962 2870 ut
983 2812 1058 2871 uerti
1080 2812 1195 2887 simus,
1228 2810 1260 2871 id

336 2894 418 2973 qued
442 2892 598 2967 Petrum
623 2912 746 2973 quoque
767 2895 875 2954 innuit.
920 2892 1126 2968 Confirmata,
1149 2895 1259 2972 inquit,

274 3036 282 3047 ,
335 2978 532 3037 vocationem
553 2983 697 3053 vestram,
718 2995 832 3056 nempe
854 2996 909 3056 per
929 2977 1013 3038 bona
1034 2996 1144 3057 opera,
1176 2996 1259 3056 quae

336 3062 451 3121 imatus
473 3066 545 3119 sunt
564 3058 646 3119 fidei.
1277 3060 1281 3067 '

417 3144 464 3203 Ae
485 3151 631 3222 quantum
654 3143 776 3221 quidem
810 3143 850 3203 ad
881 3142 1007 3203 verbum
1038 3149 1069 3203 et
1089 3142 1128 3202 ad
1157 3161 1258 3203 saera-

336 3234 471 3287 msntum
492 3228 615 3303 attinet,
652 3233 722 3286 sunt
743 3227 849 3286 omnia
862 3226 1062 3304 inertissima,
1093 3224 1260 3297 eoniirmat

335 3310 416 3369 euim
439 3309 526 3371 Deus
548 3316 746 3389 peecatorum
768 3310 981 3370 remissionem
1005 3329 1077 3383 suo,
1106 3310 1181 3369 item
1204 3329 1257 3369 au-

335 3393 483 3471 gelsmm
506 3401 538 3453 et
551 3393 686 3454 omnium
701 3393 823 3471 piorum
840 3393 1027 3455 testimonio.
1060 3392 1128 3453 Hos
1149 3397 1259 3468 restat,

335 3482 368 3534 ut
386 3481 419 3534 tu
440 3494 564 3555 qusque
585 3484 671 3536 tuum
693 3476 902 3536 testimenium
924 3475 1051 3554 afferas,
1073 3480 1104 3537 et
1125 3484 1158 3535 tu
1178 3475 1259 3535 nihil

335 3557 373 3617 de
406 3559 586 3620 remissione
622 3566 818 3637 peecatorum
842 3558 971 3621 dubites.
1014 3559 1143 3621 Etiamsi
1163 3559 1260 3639 igitur

335 3660 443 3701 omnes
464 3642 566 3722 angeii
599 3661 669 3703 sum
697 3650 764 3703 totu
788 3642 902 3702 mundo
926 3642 1106 3703 aoniirment
1127 3643 1190 3701 suis
1214 3649 1256 3701 te-

335 3725 501 3801 stimoniis,
540 3732 569 3785 te
602 3725 694 3804 digne
729 3726 790 3786 hoe
825 3734 1017 3787 santamente
1050 3744 1118 3786 asae
1155 3744 1257 3803 usum,

335 3808 428 3888 longe
451 3814 554 3872 tamen
576 3808 623 3867 hia
646 3808 789 3869 omnibus
812 3816 896 3869 tuum
909 3810 1123 3871 testimonium
1140 3814 1171 3869 ts
1192 3828 1256 3870 ma·

335 3892 382 3970 gis
404 3888 574 3951 eonflrmet.
617 3890 712 3952 Porro
733 3892 864 3952 honest
885 3899 969 3953 tuum
986 3893 1211 3971 testimonium,
1230 3894 1256 3952 si
1287 3936 1291 3947 ,

406 4060 565 4129 ⁸)2Petr.
586 4060 637 4121 1.,
681 4016 685 4019 ᾖ
