3075 4775
342 553 406 623 168
535 556 693 625 Disputatio
711 556 821 624 lipsiae
839 554 973 609 haum
992 554 1054 607 XIX

343 742 521 823 temporalis
559 758 617 823 pro
654 745 785 821 pensato
816 742 949 801 oontrlto
979 726 1086 801 'sdhae
1126 737 1262 817 debitae,

343 831 376 887 st
395 844 458 888 non
479 825 607 887 solutae.
629 823 798 886 Sioutileo
821 823 985 885 modernus
1006 822 1091 904 Papa
1111 840 1260 903 expresse

342 910 374 971 in
405 908 544 989 praefato
572 908 703 968 Deoreto
725 906 846 985 delinit,
879 905 962 986 quod
984 906 1087 968 Sixtus
1110 906 1158 965 lV.
1187 911 1262 967 ante

343 1010 413 1052 eum
436 992 669 1072 expressissime
689 991 763 1051 lenit
783 996 923 1071 tempore
943 989 1067 1051 iubilaei
1089 990 1146 1051 sui.

342 1157 399 1218 ss
420 1072 514 1219 lit
530 1072 1262 1237 titillent?insilistis

343 1240 444 1301 solum
467 1240 555 1301 dates
576 1241 681 1321 pigris,
703 1239 787 1320 quod
809 1240 944 1300 etiamin
967 1239 1117 1301 Sermone
1139 1238 1262 1318 vulgari

231 1390 237 1400 ,
342 1323 474 1385 affirmat
514 1342 577 1384 non
599 1322 772 1384 volentibus
793 1322 921 1403 implere
942 1340 1077 1384 oenones
1099 1322 1265 1402 poeniten-

343 1406 442 1469 tiales.
481 1370 522 1466 lit
542 1413 643 1467 tamen
671 1407 702 1466 in
724 1406 834 1467 eodem
858 1406 1042 1467 resolutorie
1073 1404 1147 1466 dieit
1168 1423 1263 1466 eano-

342 1508 397 1551 nes
420 1490 658 1570 poenitentiales
680 1490 776 1570 pigris
796 1490 970 1569 impositos,
992 1488 1074 1571 quod
1096 1490 1163 1565 viri,
1184 1488 1262 1549 elio-

341 1574 414 1652 qnin
442 1573 571 1649 strenui,
601 1591 724 1633 omnem
751 1573 844 1632 ritem
873 1573 1093 1653 poenitentiam
1121 1578 1263 1652 agerent.

342 1655 431 1716 Unde
451 1656 680 1717 infelicissimae
700 1662 805 1716 essent
834 1654 1059 1735 indulgentiae,
1094 1656 1121 1715 si
1155 1661 1264 1723 esseut

219 1740 224 1748 ’
345 1738 495 1800 bonomm
518 1757 645 1819 operum
667 1739 872 1802 remissiones.

425 1821 584 1883 Soluturus
612 1820 652 1882 sd
682 1822 814 1902 primum
841 1821 1015 1901 respondit,
1049 1818 1263 1899 indulgentias

342 1924 403 1966 non
426 1906 556 1965 attinere
577 1904 616 1965 ud
637 1906 807 1965 animarum
829 1904 980 1983 salutem,
1017 1922 1087 1965 eum
1117 1903 1261 1984 profesto

342 1989 474 2048 maxime
494 1988 615 2049 intersit
636 1988 742 2048 salutis
762 1988 951 2065 animarum,
974 2006 1012 2047 on
1035 1984 1166 2047 salutem
1188 2005 1260 2066 pro-

342 2079 486 2131 moveant
512 2070 562 2132 vel
589 2071 769 2150 impediant.
817 2070 948 2130 Interest
981 2070 1071 2145 etiam
1101 2068 1174 2129 fldei
1204 2088 1260 2130 no·
1374 2098 1380 2111 =

344 2161 435 2231 strae,
457 2172 496 2213 an
518 2172 608 2234 papa,
631 2161 665 2212 ut
684 2153 796 2213 Christi
818 2154 965 2229 vinarius,
988 2170 1106 2232 poenas
1127 2159 1261 2232 peceato

341 2235 461 2299 debitas
487 2236 569 2297 faeta
599 2237 892 2316 reeompensetione
919 2255 975 2317 per
1006 2236 1114 2295 merita
1146 2234 1262 2297 Christi

341 2325 372 2379 st
394 2318 575 2380 Sanotomm
597 2321 696 2400 possit
715 2320 871 2380 remittere
892 2326 924 2379 et
945 2318 1056 2379 delere.

423 2403 470 2463 De
484 2402 638 2483 cypriano
660 2403 775 2464 obiaoit
796 2402 878 2480 mihi,
901 2401 984 2483 quod
1006 2402 1186 2464 occurrebat
1199 2401 1260 2482 Gy·

340 2485 478 2569 priunum
500 2485 630 2566 legenti,
658 2487 797 2565 quamvis
825 2503 888 2546 non
915 2486 1007 2566 plena
1029 2485 1102 2545 milri
1125 2490 1260 2561 oonstet,

343 2587 381 2628 uo
404 2569 483 2628 sient
503 2570 535 2628 in
557 2567 703 2645 Graeoia,
730 2569 774 2628 ita
801 2575 832 2628 et
865 2570 897 2628 in
920 2568 987 2629 aliis
1009 2566 1187 2648 regionibus
1210 2587 1261 2628 eo-

342 2649 458 2712 elssise
480 2652 577 2711 maior
597 2671 668 2731 pers
691 2652 765 2712 oleri
780 2651 871 2712 fuerit
889 2651 1012 2712 intenta.

394 2741 398 2749 '
424 2733 542 2794 Deinde
564 2735 604 2794 ad
621 2733 753 2796 oonsilio
773 2733 943 2814 respondit,
964 2732 1170 2812 indulgentias
1194 2753 1260 2794 non

341 2817 529 2880 eusebonas
552 2816 746 2893 Christisno,
775 2817 806 2877 id
829 2824 891 2893 est,
921 2819 971 2896 qui
994 2815 1055 2876 lide
1077 2822 1108 2876 et
1129 2817 1262 2876 cantate

344 2897 498 2960 Christum
521 2907 673 2979 sequatur.
695 2900 859 2962 Hoooerte
878 2899 961 2960 diota
983 2898 1183 2961 oonsillorum
1207 2899 1261 2958 de-

223 3047 226 3051 ,
341 2984 429 3043 struit
450 2992 481 3044 et
500 2983 756 3063 indulgentiarum
778 2983 994 3063 largitionem,
1023 2983 1177 3060 quianon
1200 2982 1262 3042 nisi
1291 2973 1305 2994 '

343 3062 454 3126 Christi
476 3065 618 3127 fidelibus
646 3073 678 3126 et
703 3067 842 3128 contritis
870 3071 901 3126 et
922 3065 1071 3126 eontessis
1098 3063 1154 3124 sub
1177 3081 1263 3124 oom-

343 3150 427 3208 muni
448 3149 549 3210 forma
568 3148 788 3209 conceduntur.
811 3147 913 3223 Quare
929 3148 1084 3210 communi
1105 3149 1263 3208 sententia

341 3229 550 3311 indulgentiae
574 3251 636 3292 non
659 3238 730 3292 sunt
749 3232 852 3293 bonae
873 3232 977 3306 malis,
1017 3231 1089 3310 qnia
1118 3247 1172 3290 ess
1194 3249 1260 3291 non

236 3365 247 3382 ,
306 3322 309 3331 “
342 3322 581 3393 oonsequuntur,
604 3315 659 3375 sed
681 3314 772 3376 bonis
794 3321 825 3375 et
846 3333 918 3375 vere
940 3313 1128 3375 Christianis.

424 3396 492 3457 Non
510 3405 650 3477 amento,
673 3396 754 3475 qnod
777 3396 936 3459 reverend.
959 3397 1049 3457 Peter
1070 3395 1184 3456 dietum
1207 3393 1261 3456 Se·

343 3495 440 3538 uenae
453 3479 653 3560 hiousurpst:
677 3480 747 3541 Non
760 3479 991 3560 attendendum,
1014 3479 1091 3559 quis,
1113 3477 1169 3538 sed
1186 3478 1262 3558 quid

341 3560 478 3638 dieatur,
517 3566 661 3642 quoniam
683 3565 817 3625 maxime
837 3564 868 3624 in
891 3563 945 3640 iis,
978 3581 1057 3642 quas
1086 3569 1158 3622 sunt
1178 3559 1263 3638 fidei,

341 3644 500 3705 attendere
522 3654 645 3724 oportet
665 3648 757 3708 etiam
777 3647 843 3724 quis
865 3645 956 3723 dieat,
979 3653 1010 3706 et
1032 3643 1196 3705 eonsilium
1219 3643 1262 3704 le-

340 3727 447 3869 gitime
468 3736 688 3810 oongrsgatum
711 3736 760 3790 est
780 3728 819 3790 ab
841 3729 924 3790 omni
938 3727 1110 3790 Christiano
1133 3726 1263 3788 audian·

365 3828 426 3873 nm.

424 3894 506 3954 Dioit
527 3911 663 3955 errorem
690 3913 753 3954 non
778 3893 1003 3974 periculosum,
1032 3893 1056 3953 si
1085 3892 1135 3954 hio
1157 3892 1196 3954 de
1216 3893 1263 3954 ln-

342 3975 509 4058 dulgentils
531 3982 656 4037 erretur.
678 3976 721 4038 At
742 3977 816 4038 mihi
834 3976 1017 4037 eontrarium
1040 3975 1169 4056 videtur,
1191 3993 1262 4036 oum

342 4059 509 4138 perionlosi
530 4077 653 4120 errores
673 4059 796 4120 fuerant
814 4057 952 4136 iudiesti,
975 4061 1026 4139 qui
1040 4059 1134 4121 semis
1151 4058 1264 4122 ordini·
