3075 4775
347 536 401 610 42'
559 548 718 619 Disputatio
740 552 848 620 lipsiae
866 550 964 605 hauto
980 567 1006 608 s.
1024 551 1088 605 xlx

349 739 452 800 alesia.
463 737 595 800 Proinde
606 739 682 800 nihil
696 747 751 820 est,
765 740 848 821 quod
859 739 965 802 iubeat
978 761 1027 803 me
1038 748 1151 816 tacere,
1166 747 1271 804 atnon

347 822 493 882 insultare
507 841 561 902 per
570 841 712 903 graecam
726 825 978 904 ecclesiamquia
990 825 1170 886 deficientes
1183 825 1272 886 allo·

347 925 439 966 mana
461 906 593 967 ecclesia
606 907 695 967 simul
717 909 789 970 facti
811 915 883 969 sunt
903 914 935 968 et
955 928 976 969 a
995 908 1059 971 ilde
1080 908 1193 969 Christi
1216 927 1271 969 ex·

346 989 438 1050 aules.
461 988 529 1070 Hgo
552 991 653 1070 potius
675 1010 753 1071 rogo
764 993 799 1055 D.
809 993 846 1055 l).
857 989 992 1068 Hooium,
1013 998 1048 1052 ut
1068 1011 1125 1073 pro
1133 991 1271 1053 Hcciana

346 1073 507 1150 modestia,
530 1091 622 1154 quam·
635 1075 738 1154 iactat,
752 1083 862 1156 parcat
872 1082 919 1136 tot
931 1076 1063 1138 millibus
1075 1075 1270 1154 Sanctorum,

347 1176 415 1218 eum
438 1175 535 1242 usquc
550 1158 590 1217 ad
613 1165 718 1219 nostra
730 1165 872 1240 tempore
894 1159 1008 1221 durarit
1028 1159 1163 1220 ecclesia
1183 1177 1271 1240 grae·

346 1260 392 1318 ea,
414 1250 446 1300 et
463 1241 529 1300 sinc
547 1240 640 1303 dubio
654 1259 750 1321 usque
771 1242 865 1304 hodie
887 1243 977 1305 durat
997 1248 1029 1304 et
1045 1241 1182 1304 durabit:
1203 1260 1269 1302 non

344 1325 426 1384 enim
435 1321 575 1387 Christus
596 1327 718 1404 accepit
738 1325 873 1386 medium
896 1333 995 1388 terrae
1015 1327 1185 1401 Romanae,
1207 1324 1265 1385 sed

344 1426 451 1468 omnes
473 1405 550 1468 fines
572 1414 672 1469 terrae
699 1410 731 1468 in
753 1411 985 1488 possessionem
1007 1415 1039 1470 et
1058 1408 1261 1470 hereditatem

345 1511 364 1552 a
386 1492 485 1565 Patre,
508 1491 586 1552 Psal.
610 1493 639 1554 2.

427 1571 476 1633 Ad
499 1576 670 1654 septimam,
694 1573 777 1654 quod
798 1575 827 1657 ¹)
852 1595 891 1637 ex
911 1575 1104 1655 Hieronymo
1126 1573 1166 1634 de
1187 1592 1269 1634 sum·

346 1676 396 1717 mo
420 1657 581 1718 sacerdote
607 1659 772 1738 opposuit,
811 1678 911 1720 meam
933 1659 1169 1739 responsionem
1192 1656 1272 1718 dixit

345 1757 413 1800 esse
435 1741 636 1815 evasionem,
674 1740 746 1802 ideo
781 1741 1014 1802 confirmaturos
1043 1741 1157 1801 dictum
1180 1759 1270 1800 auum
1290 1738 1320 1756 ”

345 1822 472 1882 adiecit:
496 1822 556 1885 Cur
568 1825 600 1886 B.
616 1824 823 1905 Hieronymus
842 1825 1010 1886 Damasum
1027 1823 1190 1905 piscatoris
1203 1841 1272 1883 suc·

344 1924 499 1966 cessorem
523 1906 619 1984 dicat,
652 1913 683 1968 et
705 1907 871 1969 cathedrae
893 1909 974 1968 Petri
1006 1907 1073 1968 vult
1094 1905 1271 1967 associari?

343 1988 419 2048 illud
441 1988 577 2051 divinum
602 1991 699 2052 citans
722 1991 828 2052 Matth.
853 1994 909 2056 16:
932 1991 1032 2071 Super
1051 1988 1270 2050 illamPetram

344 2071 502 2133 fundatam
524 2074 687 2134 ecclesiam
710 2075 787 2151 scio,
809 2073 892 2153 quod
914 2076 960 2135 ita
980 2074 1106 2152 reliquis
1128 2072 1270 2132 ecclesiia

343 2158 534 2235 appropriari
555 2175 618 2230 non
634 2163 746 2237 potest,
769 2162 801 2218 et
812 2157 924 2218 deinde
940 2156 1147 2237 complanavit
1161 2155 1269 2216 Hiero-

344 2239 560 2318 solymitanae,
579 2239 804 2319 Antiochense,
826 2240 1066 2317 Alexandrinae,
1089 2237 1213 2300 tandem
1236 2247 1271 2299 et

344 2321 509 2382 Boemicae
535 2341 657 2398 casum,
680 2330 711 2384 et
733 2322 816 2403 quod
839 2323 950 2385 eodem
971 2323 1163 2404 Hieronymo
1186 2327 1269 2382 teste

344 2407 426 2485 apud
449 2406 534 2467 solos
556 2407 714 2468 Romanos
747 2409 925 2489 incorrupta
947 2408 1070 2467 Petrum
1092 2412 1268 2467 servaretur

344 2491 502 2551 autoritas.
525 2490 732 2569 Respondeo,
756 2500 788 2550 et
809 2510 886 2571 rogo
899 2491 937 2552 D.
949 2491 987 2551 D.
1010 2490 1189 2570 egregium,
1211 2506 1265 2549 ve·

343 2570 379 2630 lit
400 2572 483 2632 dicta
512 2572 634 2633 Patrum
657 2574 795 2654 allegare
828 2574 999 2635 secundum
1027 2572 1265 2650 conscientiam,

342 2672 383 2713 ne
404 2674 460 2736 pro
474 2654 627 2735 theologis
641 2655 799 2717 videamur
820 2676 890 2717 esse
900 2656 1069 2737 sophistae,
1093 2658 1164 2715 na'm
1185 2672 1269 2714 sum-

346 2755 428 2799 mum
441 2736 636 2799 sacerdotem
649 2758 686 2801 eo
697 2738 758 2801 loci
773 2740 979 2820 Hieronymus
996 2738 1135 2819 appellat
1146 2738 1270 2817 episco-

342 2839 415 2901 pum
431 2822 600 2901 quemlibet
621 2824 723 2895 etiam,
746 2830 780 2882 ut
801 2824 853 2901 qui
875 2822 1268 2901 denumero‘reliquorum

344 2905 538 2966 sacerdotum
560 2906 600 2966 sit
622 2906 776 2982 elevatus,
797 2905 869 2966 ideo
892 2906 967 2965 nihil
989 2906 1122 2985 pertinet
1143 2904 1270 2983 proprie

344 2988 382 3048 ad
405 2989 578 3050 Romanum
601 2986 793 3049 Pontificem.

426 3070 546 3131 Deinde
567 3070 621 3131 illa
643 3072 791 3131 autoritas
813 3070 918 3134 Matth.
941 3074 980 3135 16
1002 3088 1065 3130 non
1088 3068 1271 3149 appropria·

344 3158 393 3213 tur
415 3154 575 3214 Romanae
598 3153 748 3214 ecclesiae
766 3159 893 3231 tantum,
917 3153 1000 3233 quod
1023 3170 1170 3233 expresse
1191 3149 1269 3211 indi·

344 3242 417 3295 cant
444 3236 539 3296 verba
567 3236 695 3314 Christi,
727 3254 795 3296 cum
825 3236 913 3297 dicit:
948 3236 1122 3296 Ecclesiam
1154 3252 1267 3297 meam.

344 3317 554 3398 Quaecunque
577 3338 651 3400 ergo
674 3325 722 3380 est
744 3320 897 3398 ecclesia,
920 3325 968 3379 est
988 3317 1270 3402 aedificatasupra

344 3401 476 3477 Petram,
495 3409 528 3483 et
547 3420 610 3462 non
633 3401 732 3462 solum
753 3404 904 3463 Romana.
939 3401 1003 3461 Aut
1023 3402 1048 3461 si
1070 3420 1134 3461 non
1156 3418 1270 3462 conve·

342 3485 388 3543 nit
416 3485 525 3544 ceteris
556 3485 695 3545 ecclesiis
720 3485 781 3546 hoc
802 3485 946 3561 verbum,
972 3485 1115 3547 Romana
1136 3482 1271 3543 ecclesia

344 3568 404 3626 erit
426 3567 503 3644 sola,
527 3574 558 3627 et
580 3588 634 3648 per
652 3587 846 3647 consequens
867 3588 929 3629 non
952 3569 1060 3648 prima.
1082 3563 1188 3648 Quare
1203 3567 1270 3625 uni·

345 3657 393 3709 tas
418 3650 570 3711 ecclesiae
592 3670 655 3711 non
677 3653 715 3714 ab
739 3653 857 3712 unitate
879 3652 1027 3731 primatus
1047 3651 1190 3727 Romani,
1212 3648 1269 3709 aed

345 3732 440 3813 longe
463 3733 572 3793 melius
593 3736 679 3795 iuxta
699 3735 883 3816 Apostolum
906 3734 1019 3814 thss.
1038 3734 1066 3796 4.
1089 3732 1129 3793 ab
1150 3733 1269 3792 unitate

344 3814 435 3891 fidei,
460 3816 662 3897 baptismatis,
684 3819 809 3880 Domini
830 3817 955 3898 pendet,
978 3818 1056 3877 sicut
1077 3819 1109 3875 et
1128 3815 1269 3895 frequen-

343 3904 390 3959 ter
413 3900 585 3981 Cyprianus
599 3902 638 3961 'iu
661 3901 810 3981 Epistolis
841 3902 903 3965 suis
922 3902 1026 3965 sentit.
1068 3898 1135 3959 Nec
1156 3900 1270 3961 mansit

378 4073 407 4143 1)
426 4075 456 4127 ln
474 4072 517 4127 ed.
537 4034 616 4128 demi
637 4087 731 4143 quam.
