3075 4775
341 551 405 618 480
580 553 708 623 Epistola
724 554 794 608 Phil.
813 553 1032 610 lielenchthcnis

341 737 594 818 pendendam,
616 739 751 800 studium
771 759 810 800 ac
824 737 1013 802 voluntatem
1029 725 1123 798 animi
1146 757 1221 819 erga
1233 746 1265 798 te

342 823 402 881 mei
424 821 560 901 pluribus
598 823 701 884 verbis
729 823 887 884 declarari.
931 824 1009 884 Nam
1038 821 1191 882 eiusmodi
1213 841 1264 880 au-

341 904 446 983 spiciis
467 905 588 965 animos
613 915 736 966 nostros
760 908 894 987 optimus
917 907 969 968 ille
993 909 1132 966 sincerae
1155 906 1267 966 cerita-

342 989 381 1048 lis
413 989 537 1068 spiritus
558 989 756 1067 conciliarit,
794 997 827 1050 nt
858 991 1023 1050 amicitiam
1051 996 1189 1050 noscam
1212 1008 1266 1048 ne-

342 1089 401 1150 que
433 1071 612 1132 labefactari
636 1072 699 1132 ullo
722 1091 812 1149 casu,
844 1076 875 1133 iu
910 1079 971 1133 tarn
1007 1074 1091 1133 varia
1125 1073 1263 1132 omniurn

340 1173 441 1214 rerum
480 1155 681 1216 humanarum
725 1156 951 1230 vicissitudine,
996 1173 1089 1237 posse
1130 1173 1264 1234 sperem,

341 1255 442 1317 neque
464 1239 640 1318 vulgaribus
661 1238 740 1318 illis,
776 1249 806 1300 et
827 1241 966 1319 profecto
990 1238 1138 1320 pedaneis
1161 1236 1263 1298 fuffra-

341 1323 400 1402 giie
421 1320 452 1380 id
476 1339 573 1400 genua
595 1322 768 1400 literarum,
792 1323 932 1402 qualibus
955 1323 1019 1384 sere
1042 1321 1164 1382 aluntur
1188 1323 1263 1380 ami-

342 1404 451 1481 citiae,
479 1405 570 1464 altius
604 1412 738 1465 acturam
762 1407 891 1466 radices.
934 1406 968 1466 In
992 1413 1153 1484 utrumque
1176 1406 1264 1484 spiri·

341 1493 390 1547 tus
410 1487 560 1547 incumbit
580 1489 707 1566 pariter,
729 1495 762 1548 ut
783 1489 899 1549 inedita
921 1491 961 1548 sit
982 1490 1117 1549 amicitia
1137 1495 1200 1547 tum
1224 1490 1263 1546 si-

343 1569 479 1648 mulatis,
510 1579 572 1630 turn
593 1571 762 1652 nugacibus
786 1573 852 1632 istis
874 1571 1038 1632 blanditiis.
1082 1572 1184 1650 Atque
1205 1573 1261 1631 uti-

341 1673 412 1716 nam
434 1653 516 1713 illius
538 1671 647 1733 queam
681 1663 770 1735 grato
794 1665 920 1735 pectore
951 1655 1131 1715 beneficium
1166 1674 1264 1736 agno·

341 1755 444 1813 scere,
476 1738 528 1815 qui
550 1738 643 1797 talem
665 1757 729 1799 non
759 1737 1265 1817 dicoThesea,sedOb1-istiana

340 1819 402 1880 fide
434 1822 566 1880 amicum
605 1821 695 1882 nobis
726 1823 869 1882 iunxerit.
923 1823 1021 1882 Nemo
1051 1823 1132 1881 enim
1170 1822 1265 1902 plane

341 1903 514 1964 mortalium
539 1911 600 1982 est,
636 1907 721 1964 cuius
753 1907 945 1984 praesentior
971 1907 999 1965 in
1032 1924 1082 1966 me
1103 1907 1163 1964 iarn
1191 1904 1266 1964 inde

340 2007 361 2048 a
379 2006 477 2067 puero
499 2005 597 2066 nsque
614 1987 705 2048 luerit
725 1987 938 2069 beneficentia,
963 2007 1053 2068 quarn
1081 1997 1141 2066 tua,
1165 2007 1265 2066 eaque

340 2089 414 2131 vare
449 2069 584 2130 liberalis
613 2089 651 2130 ac
674 2069 858 2151 prorsusne
881 2071 1008 2153 γυμνὸν
1029 2075 1096 2134 τῶν
1117 2075 1266 2156 χαρίτων

288 2213 291 2217 .
340 2155 485 2215 reserens.
535 2153 643 2233 Neque
671 2155 752 2215 euim
787 2157 923 2216 rationes
958 2164 1082 2215 nostrae
1119 2154 1265 2214 sinebant
1375 2219 1382 2236 ι

341 2254 474 2314 aequare
504 2237 685 2296 beneficium
718 2237 880 2298 beneficio.
924 2237 992 2313 Qua
1013 2247 1101 2318 parte
1123 2237 1265 2317 quando·

342 2318 465 2462 quideqn
487 2326 519 2378 tu
540 2327 694 2399 praestas,
724 2338 857 2401 quaeso,
885 2323 1028 2403 permitte
1057 2323 1183 2382 vincere
1205 2339 1264 2382 nos

342 2422 432 2463 aman
456 2421 486 2463 ο.
928 2446 937 2461 .

423 2486 609 2548 Aristoteles
631 2506 718 2568 euru,
741 2490 793 2567 qui
816 2487 966 2550 beneficio
990 2490 1166 2569 quempiam
1190 2486 1263 2548 affe-

341 2570 430 2649 cerit,
453 2569 568 2631 abillo
592 2577 709 2631 mutum
732 2572 930 2649 subornari,
960 2580 1108 2651 quantum
1131 2590 1263 2631 merere-

340 2662 389 2715 tur
409 2652 606 2732 beneficium,
640 2661 693 2714 aut
721 2662 805 2715 certe
828 2654 970 2715 beneficii
992 2659 1100 2736 gratia.
1144 2658 1264 2735 Arguta

338 2739 393 2798 ille
414 2736 556 2817 quidem,
580 2736 720 2798 sednon
743 2739 872 2799 omnino
895 2740 1004 2819 probe,
1048 2740 1156 2819 Neque
1180 2740 1263 2797 enim

341 2820 431 2881 nobis
462 2838 575 2900 scopus
607 2827 655 2881 est
682 2824 796 2881 amoris
824 2824 922 2883 nostri
957 2821 1138 2882 beneficium
1168 2821 1264 2880 ullum

340 2913 436 2983 tuum,
457 2903 511 2963 sed
533 2904 586 2964 ille
608 2912 697 2965 autor
718 2906 872 2965 amicitiae
895 2912 1019 2967 nostrae
1042 2906 1154 2967 Christi
1177 2906 1265 2985 spiri-

340 2994 398 3048 tus.
447 2988 493 3047 Tu
530 2988 650 3048 interim
684 2988 832 3068 quidquid
873 2988 966 3049 officii
1006 2991 1106 3049 amico
1142 2988 1266 3064 dedisti,

340 3071 495 3131 communi
518 3072 651 3131 caritatis
673 3072 739 3133 iure
759 3070 905 3149 debebas,
928 3072 1062 3133 vicissim
1083 3072 1115 3133 in
1133 3073 1264 3131 nomini-

340 3155 397 3217 bus
420 3156 478 3213 tuis
501 3172 558 3213 nos
582 3173 704 3234 quoque
725 3175 845 3233 sumus,
884 3175 946 3216 non
981 3155 1111 3217 defuturi
1146 3153 1264 3232 officia,

341 3236 513 3317 siquando
537 3254 626 3297 casus
649 3238 761 3317 aliquis
784 3238 870 3301 feret.

423 3320 487 3380 lam
511 3339 585 3381 vero
610 3321 691 3401 quod
715 3323 841 3400 attinet,
872 3323 971 3402 nolui,
1011 3316 1262 3401 qnandoquidem

340 3404 457 3483 reliqua
477 3404 540 3465 fere
562 3406 593 3464 in
615 3403 723 3464 studiis
737 3405 894 3466 literarum
911 3406 1087 3466 communie
1102 3403 1264 3478 babemus,

340 3487 475 3557 frustrari
498 3495 528 3548 te
549 3489 603 3565 iis,
637 3506 717 3567 qnae
746 3491 980 3569 exspectatione
1002 3491 1135 3565 maiore,
1169 3506 1263 3566 quarn

339 3590 396 3651 pro
418 3589 452 3631 re
463 3571 586 3651 Lipsiae
607 3571 646 3630 de
660 3572 811 3653 ambiguis
825 3571 1006 3653 quibusdam
1020 3572 1265 3651 Theologorum‚

341 3661 375 3715 ut
386 3654 516 3732 videtur,
538 3654 615 3715 locis
632 3662 702 3715 acta
724 3661 805 3716 sunt.
838 3656 905 3715 Nec
923 3658 1034 3737 opinor
1055 3656 1130 3716 nihil
1148 3654 1265 3715 referre

340 3745 408 3817 tua,
431 3740 482 3818 qui
505 3745 536 3798 et
556 3758 613 3818 pro
636 3738 806 3820 theologici
828 3740 961 3801 nominis
984 3740 1133 3823 dignitate
1154 3738 1185 3797 in
1208 3738 1265 3799 illo

340 3822 471 3883 Suculae
493 3821 613 3882 theatro
636 3822 711 3882 urbe
733 3826 873 3905 Augusta
896 3842 1014 3884 sacrum
1039 3822 1264 3902 Panegyrieten

339 3908 425 3985 agis,
447 3912 494 3983 et,
516 3914 549 3965 ut
573 3904 769 3987 theologicae
791 3910 897 3969 literae
925 3928 1002 3989 pure
1024 3927 1061 3971 ac
1083 3904 1266 3985 simpliciter

340 3988 518 4067 doceantur,
543 3989 700 4052 adniteris,

422 4072 509 4133 Haec
543 4093 617 4135 vero
648 4073 841 4156 disceptandi
863 4078 1024 4156 provincia
1045 4078 1176 4156 primunr
1200 4097 1265 4136 non
