3075 4775
367 537 431 605 304
625 540 721 631 μοι.
740 541 768 593 t.
788 556 873 609 snper
890 542 1083 609 Proposltlone

371 725 447 787 oiter
475 744 514 785 ex
542 725 606 787 hoo
626 724 892 799 venenatius)
916 732 1106 801 ιιιιιιιιιιιιιιι,
1140 743 1195 787 our
1222 724 1294 790 mini
1379 744 1380 801 ι

364 826 432 873 nou
456 807 548 869 lineet
575 808 774 890 frigidissime
795 809 927 871 Deorete
952 810 1111 890 appellere
1134 808 1293 889 theologo,
1379 818 1380 843 i

370 908 441 951 eum
461 910 499 951 eu
521 911 638 972 negare
658 904 689 953 et
709 893 881 953 annihilare
909 893 1000 953 lineet
1021 891 1160 953 insistis?
1190 892 1291 953 Perse

368 982 500 1053 quantur
522 977 651 1054 primurn
665 996 700 1035 se
720 977 817 1054 ipsos,
840 977 965 1037 maioris
979 977 1115 1037 oriminis
1127 994 1212 1051 reos,
1234 982 1294 1051 out,
1379 988 1380 1059 ξ

369 1059 395 1117 si
418 1059 540 1119 venium
558 1067 714 1120 merentur
728 1059 929 1119 Deeretorum
952 1067 1118 1140 negatores
1140 1065 1172 1119 et
1195 1076 1293 1119 ensen-
1379 1072 1380 1129 ι

369 1148 469 1218 tores,
498 1143 565 1203 siue
587 1151 717 1221 peoesto
741 1143 818 1218 en't,
852 1144 903 1221 qui
924 1142 1101 1207 ineffiouoes
1123 1143 1238 1203 usserit
1267 1148 1296 1201 et
1379 1146 1380 1193 ι

368 1224 494 1304 frigidos
517 1225 719 1287 Decretorum
742 1224 954 1304 probationes.
996 1226 1106 1305 Neque
1127 1227 1211 1287 enim
1236 1242 1293 1304 ego

370 1326 410 1369 eo
431 1310 561 1387 negavi,
584 1310 662 1368 sieut
683 1309 736 1386 illi,
759 1307 815 1368 sed
838 1308 950 1388 frigere
972 1308 1142 1371 teutumed
1164 1308 1294 1387 proben-

369 1390 444 1452 duui
462 1390 537 1468 dixi,
558 1392 761 1452 sioutrevere
771 1391 892 1471 frigent,
914 1394 973 1452 uisi
990 1392 1073 1471 quod
1094 1392 1134 1453 sd
1156 1391 1294 1471 loouple

369 1474 495 1535 tendum
508 1473 612 1534 looum
624 1473 737 1548 volent,
759 1475 904 1555 exemplo
927 1494 1044 1553 eorum,
1066 1494 1146 1554 quoe
1166 1476 1295 1554 pervim

371 1556 523 1630 ιιιιιιιιιιιιι,
545 1566 577 1617 et
597 1559 628 1616 in
648 1558 780 1619 alienum
804 1561 988 1619 sententium
1011 1558 1179 1620 trahuntur

451 1602 534 1699 Nihil
556 1659 631 1719 ergo
653 1640 801 1720 probetur
822 1640 883 1701 hoo
905 1646 1007 1719 textu,
1046 1660 1065 1701 e
1088 1661 1149 1722 quo
1170 1642 1296 1721 ipsimet

370 1721 538 1783 diocedunt
582 1722 665 1782 Nihil
686 1725 752 1783 istis
776 1724 915 1787 Deoretis
937 1725 1098 1804 probetur,
1122 1743 1203 1803 quoe
1225 1724 1294 1803 ipsi·

374 1812 437 1865 met
459 1812 584 1886 negent,
606 1808 783 1885 neutrisque
805 1808 973 1871 confidunt.
1017 1808 1057 1868 Et
1070 1814 1234 1869 moventur
1256 1806 1293 1867 sd

370 1888 433 1949 hoe
456 1891 529 1948 sutis
553 1890 694 1949 iortit
645 1910 680 1949 ro
682 1891 783 1966 tione,
806 1908 884 1968 ques
906 1890 1099 1951 adversarios
1119 1889 1261 1951 reddat
1252 1910 1294 1949 ιιι

369 1973 481 2050 vietus,
502 1973 622 2033 seilicet
643 1973 713 2048 heo,
735 1972 819 2051 quod
829 1972 968 2034 Christus
978 1982 1026 2048 (ut
1038 1976 1128 2035 etium
1142 1974 1176 2033 B.
1188 1973 1294 2033 Hiero.

368 2055 479 2116 eodem
502 2055 574 2116 loeo
596 2055 743 2139 exponit)
767 2075 831 2117 non
862 2056 954 2117 trudit
972 2058 1063 2118 Petro
1086 2057 1207 2135 eleves,
1241 2054 1295 2117 sed

369 2139 521 2235 promittit
541 2138 698 2201 duntaxat
742 2138 816 2201 Ideo
826 2140 1009 2207 currendum
1026 2159 1096 2201 esse
1115 2140 1157 2199 nd
1179 2140 1294 2215 loeum,
1379 2174 1380 2179 κ

370 2222 401 2281 in
425 2240 487 2299 quo
511 2222 732 2298 meditulium,
756 2230 788 2283 et
800 2230 873 2283 tune
886 2224 1040 2285 invenitur
1053 2223 1128 2284 illud
1142 2222 1294 2283 lohnnnis

371 2304 478 2364 ultimo
489 2304 601 2383 ,quod
619 2324 682 2365 nou
704 2305 744 2365 ud
767 2306 905 2394 Petrum,
935 2306 990 2368 sed
1012 2308 1050 2367 ed
1074 2326 1182 2367 omnes
1206 2306 1295 2367 dieii:
1379 2372 1380 2381 ¹

371 2389 513 2467 Aeoipite
534 2389 678 2468 Spiritum
700 2397 852 2468 sonetum,
875 2409 1003 2469 quorum
1025 2392 1203 2452 remiseritis
1226 2409 1294 2485 peo

370 2479 440 2533 oete
456 2479 515 2535 eto
558 2472 607 2532 Ex
628 2473 738 2552 quibus
761 2474 861 2534 verbis
884 2475 1074 2554 liquet‚non
1012 2475 1211 2552 noneolum,
1233 2475 1294 2553 qni·

371 2555 471 2616 busin
484 2553 578 2617 Petro
593 2557 698 2618 eleves
710 2558 887 2636 promiserit
899 2567 1031 2638 (nempe
1041 2560 1097 2618 toti
1111 2558 1295 2634 ecelesias),

371 2638 426 2699 sed
450 2640 541 2699 etium
571 2640 645 2736 quid
666 2660 722 2719 per
743 2641 846 2700 olores
869 2643 1038 2720 promissus
1060 2642 1285 2722 inteiligit
1210 2640 1294 2718 velit,

371 2741 481 2802 nempe
502 2725 714 2785 remissionem
737 2731 769 2783 et
785 2725 989 2784 retentionem
1011 2731 1224 2804 ιιοιιιιιιιιιιιιιιι.4

453 2805 615 2886 Seoundo,
637 2806 720 2886 quod
742 2807 824 2867 idem
848 2808 975 2868 verbum
998 2807 1110 2870 Christi
1130 2809 1214 2869 mule
1236 2809 1294 2870 De-

371 2899 454 2950 oreis
475 2896 584 2969 optent
606 2891 666 2950 soli
687 2891 779 2951 Petro
802 2899 833 2951 et
857 2891 997 2952 Romano
1020 2890 1169 2971 pontilioi.
1214 2892 1292 2954 Noni

370 2972 451 3054 opud
475 2972 505 3034 S.
529 2973 635 3033 Patres
657 2973 796 3034 Christus
818 2974 879 3034 hou
899 2973 1025 3035 verbum
1043 2975 1160 3034 dixisse
1183 2975 1224 3036 ud
1247 2995 1293 3036 eo

370 3055 495 3117 elesism
518 3060 550 3118 et
577 3076 684 3117 omnes
707 3057 870 3136 apostolos
888 3059 927 3118 in
951 3077 1085 3138 persone
1105 3057 1190 3120 Petri
1211 3079 1293 3120 esso·

370 3141 453 3202 ritur.
499 3138 635 3214 Quorum
658 3141 773 3219 primus
797 3147 844 3201 est
865 3140 902 3202 D.
919 3139 1135 3222 Hieronymus,
1159 3143 1212 3221 qui
1234 3143 1295 3203 hoo
1379 3149 1380 3158 ’

370 3222 443 3282 loeo
469 3224 688 3303 interpretetus
721 3223 848 3284 verbum
871 3224 951 3286 Petri
987 3224 1075 3286 dioit:
1110 3224 1219 3286 Petrus
1255 3245 1294 3286 ex

359 3324 506 3384 ⁴persone
537 3308 673 3368 omnium
707 3308 922 3387 apostolorum
956 3307 1135 3384 nuntietur,
1170 3308 1290 3370 dioens:

370 3387 414 3448 Τιι
437 3409 472 3449 es
492 3389 640 3468 Christus,
662 3389 742 3451 filius
766 3391 822 3451 Dei
846 3391 915 3451 vivi.
959 3391 999 3452 Et
1018 3393 1049 3451 in
1072 3392 1132 3452 hoo
1155 3394 1293 3472 sequitur

370 3489 457 3532 sunm
468 3470 519 3552 (ut
531 3474 631 3552 solet)
639 3473 815 3554 origenem,
826 3476 877 3555 qui
891 3474 973 3536 idem
983 3474 1092 3537 eodem
1105 3475 1176 3536 loeo
1192 3477 1293 3538 sentit.

395 3555 692 3636 Chrysostomus
725 3563 844 3636 eutem,
878 3559 935 3618 etsi
964 3558 1045 3618 hono
1067 3558 1170 3619 looum
1195 3567 1293 3622 totum
1379 3577 1380 3586 ¹

267 3692 271 3698 .
370 3639 402 3698 in
423 3638 505 3699 Petri
526 3639 649 3700 leudem
670 3641 780 3720 trehet,
803 3641 908 3702 diosus
931 3661 1015 3702 eum
1012 3649 1118 3722 esput
1137 3649 1169 3702 et
1191 3653 1292 3723 pesto-

370 3741 435 3783 rem
457 3724 655 3784 eonstitutum
679 3725 831 3785 eeelesiee
852 3724 981 3804 futures,
1004 3727 1103 3788 ettoti
1126 3721 1193 3787 orbi
1206 3746 1292 3808 pree·

370 3807 520 3903 positum:
544 3814 646 3866 temen
670 3809 789 3886 etipse
801 3816 894 3868 vooet
916 3827 984 3868 eum
1009 3828 1043 3869 os
1067 3811 1292 3889 apostolorum,
1379 3835 1380 3852 ι

371 3889 453 3970 quod
477 3891 544 3949 vioe
567 3890 703 3948 omnium
725 3888 936 3970 responderit,
952 3890 1076 3960 dicens:
1099 3893 1208 3954 Petrus
1230 3914 1292 3955 om-

408 4067 437 4123 it
456 4061 488 4115 ln
508 4059 549 4112 ed.
567 4057 627 4108 teu.
647 4057 788 4110 additum:
811 4059 850 4114 ¹6.
