3075 4775
455 585 513 637 suis
532 578 640 653 Lipsiae
661 582 807 653 disputatis
835 603 860 639 a
878 586 945 639 xlx.
1096 584 1159 651 229

242 774 370 847 sputare,
393 776 426 829 et
448 786 534 830 more
554 768 750 831 indoctorum
772 770 1013 833 declamatorum
1036 783 1160 853 tempus

241 852 384 912 conviciis
406 854 643 914 etcontumeliis
655 853 813 915 hominum
828 854 967 935 perdere.
988 855 1063 916 ldeo
1085 855 1161 917 nihil

242 936 356 1012 mirum,
379 936 405 995 si
428 955 491 996 non
513 937 571 995 nisi
593 936 723 1017 gloriam
746 945 883 1017 quaerat.
904 938 978 997 hlihi
1001 958 1085 1015 vero,
1107 940 1160 1018 qui

240 1019 296 1078 iam
315 1018 395 1078 duos
429 1038 529 1079 annos
557 1021 660 1099 patior
689 1020 803 1081 multos
825 1021 977 1082 eiusmodi
1011 1022 1161 1082 victoriae

240 1102 478 1161 iactantissimus
500 1108 531 1161 ct
552 1105 736 1163 vanissimos
758 1104 953 1184 gloriatores,
974 1103 1162 1182 rabidosque

241 1186 467 1261 criminatores,
490 1182 601 1247 deiude
623 1188 795 1268 contempsi
817 1189 923 1247 nesrio
945 1206 1026 1265 quae
1047 1194 1162 1247 tartara

242 1268 311 1327 mihi
333 1269 506 1342 intentata,
528 1288 584 1347 pro
608 1271 733 1329 minimo
756 1270 915 1345 osthane
938 1290 1044 1331 eorum
1067 1272 1161 1329 simu·

239 1350 329 1411 latam
352 1350 484 1431 gloriam
505 1350 621 1431 audire,
642 1372 772 1432 quorum
785 1356 883 1434 magis
897 1355 1043 1431 misereri,
1065 1372 1158 1432 quam

240 1436 344 1514 pigere
381 1441 533 1513 oporteat.
575 1435 653 1496 Nam
685 1438 710 1495 si
733 1438 923 1500 couscientia
945 1455 1053 1497 eorum
1075 1436 1159 1495 idem

240 1517 432 1596 gloriaretur,
455 1536 493 1577 ue
515 1516 645 1595 dubites,
667 1519 739 1579 foris
761 1534 861 1599 neque
872 1520 1087 1600 gloriarentur,
1107 1537 1160 1578 ne-

240 1620 295 1679 que
319 1601 562 1663 criminarentur.
668 1602 679 1631 l

319 1682 437 1743 Tamen
460 1690 495 1743 ut
515 1683 568 1744 tibi
591 1684 798 1760 satisfaciam,
821 1686 954 1746 breviter
974 1706 1038 1745 rem
1059 1686 1159 1765 ipsam

241 1766 408 1827 secundum
432 1768 590 1827 veritatem
614 1768 806 1840 describam,
841 1777 872 1829 et
904 1770 947 1829 ita
974 1768 1160 1844 describam,

240 1858 270 1909 ut
290 1849 467 1931 intelligere
488 1852 599 1929 possis,
621 1850 860 1931 disputationem
881 1851 966 1911 illam
987 1852 1081 1911 fuisse
1094 1871 1160 1930 per·

241 1932 389 1993 ditionem
422 1935 587 2011 temporis,
631 1953 694 1993 non
733 1935 963 2012 inquisitionem
1000 1935 1159 1995 veritatis:

240 2014 350 2076 deinde
361 2015 487 2075 Ecoiurn
502 2016 720 2095 Recianusque,
737 2018 880 2077 simulare
892 2020 923 2076 in
946 2017 1046 2097 gloria
1065 2015 1158 2093 aliud,

240 2107 269 2160 et
289 2098 375 2159 aliud
389 2100 503 2159 sentire
520 2102 551 2159 in
566 2102 764 2162 conscientia.
788 2100 867 2159 Nam
890 2109 1036 2179 quantum
1058 2099 1159 2159 iullc

241 2183 286 2243 cio
308 2182 380 2256 brit,
416 2182 479 2241 fere
502 2182 602 2243 nullus
625 2195 736 2263 scopus
761 2192 860 2243 tactos
882 2191 938 2247 est.
982 2183 1035 2243 sin
1059 2190 1157 2243 tactus

238 2274 291 2344 est,
315 2283 379 2325 non
402 2267 459 2325 uisi
473 2267 639 2326 notissimis
651 2274 682 2325 et
693 2267 786 2347 vulgo
799 2266 985 2346 proculcatis
997 2286 1157 2347 argumen-

206 2361 210 2370 ’
240 2349 275 2409 tis
297 2353 447 2410 certatum
470 2354 528 2410 est.
549 2348 721 2410 NarnDsus
744 2352 841 2425 novit,
861 2349 1054 2430 quodtotam
1068 2351 1157 2410 istam

239 2431 472 2492 conclusionum
508 2433 666 2493 cohortem
702 2433 797 2494 multo
834 2436 933 2493 acrius
963 2441 996 2494 et
1030 2434 1160 2494 validius

240 2517 336 2576 nostri
359 2515 651 2595 Vuitemberg'enses
685 2515 805 2577 duobus
839 2519 929 2576 anuis
960 2535 1161 2596 oppugnare

240 2607 318 2674 runt,
341 2603 374 2657 et
394 2599 437 2656 ita
459 2600 721 2678 examinaverunt,
745 2607 777 2660 ut
791 2619 863 2660 ossa
877 2618 981 2658 samm
1000 2618 1178 2666 numerare·

239 2681 377 2757 licuerit,
400 2699 474 2760 quas
497 2681 609 2742 Eccius
632 2684 686 2742 vix
706 2685 737 2742 iu
759 2683 840 2742 facie
862 2684 941 2742 cutis
962 2681 1073 2742 leviter
1093 2700 1162 2760 per-

239 2765 374 2836 strinxit,
396 2765 455 2822 nisi
476 2765 562 2842 quod
585 2765 681 2826 multo
703 2766 811 2826 fortius
828 2765 973 2824 clamavit
993 2783 1055 2823 una
1075 2763 1163 2836 hora,

239 2867 331 2926 quam
363 2865 420 2906 noa
454 2849 580 2928 integris
615 2848 735 2910 duobus
757 2848 867 2923 aunis,
890 2866 928 2906 ac
948 2846 1086 2926 gestibus
1108 2846 1162 2903 im·

240 2931 372 2990 maniter
393 2930 538 2990 fastuosis
572 2939 603 2991 et
624 2931 767 3012 gloriosis
797 2931 888 2990 etiam
917 2950 951 2989 se
980 2931 1079 3008 ipsum
1101 2927 1162 2986 cla·

242 3019 391 3073 matorem
414 3031 558 3092 superare
581 3014 663 3074 velle'
684 3015 768 3074 visus
791 3023 848 3074 est.
890 3013 945 3074 llis
967 3014 1048 3073 enirn
1071 3011 1163 3070 mori·

241 3095 318 3170 bus,
341 3115 418 3155 seue
440 3097 550 3174 quietis
572 3105 604 3157 et
626 3097 811 3176 tranquillis,
844 3097 1003 3177 pacificam
1025 3094 1107 3154 illam
1131 3100 1164 3153 et

240 3179 269 3237 in
291 3179 417 3238 silentio
446 3197 484 3238 ac
516 3181 663 3260 mysterio
700 3181 939 3260 profundissime
960 3177 1162 3259 quietissime-

240 3281 299 3339 que
320 3263 468 3322 latentem
492 3262 678 3343 theologiam
693 3263 1013 3342 quaesivitbucusque
1025 3260 1163 3320 blociano

239 3344 403 3405 modestis.
425 3344 471 3404 lta
492 3346 636 3406 mensus
658 3353 751 3424 amet,
772 3347 862 3407 fateri
884 3365 990 3427 cogor,
1013 3363 1069 3404 nos
1092 3363 1162 3404 esse
1203 3413 1211 3430 ⁹

240 3428 341 3488 victos
365 3426 500 3488 clamore
523 3436 664 3511 etgestu,
686 3429 747 3490 hoc
768 3439 825 3505 est,
848 3429 985 3490 llcciana
999 3426 1161 3507 modestia,

240 3513 284 3570 sic
308 3511 391 3570 enim
414 3511 481 3590 ipse
504 3520 605 3572 vocat.

324 3592 439 3653 Verum
461 3603 626 3673 antequam
649 3614 713 3655 rem
734 3597 833 3676 ipsam
857 3592 968 3668 dicam,
990 3592 1163 3674 praelsbor,

240 3684 270 3736 et
292 3676 417 3736 veniam
448 3686 572 3756 petam,
605 3678 631 3737 si
652 3677 794 3740 homines
826 3675 977 3756 quosdam
1007 3675 1163 3744 involvam
1245 3701 1249 3706 ·

240 3761 372 3838 pariter,
396 3759 525 3820 libenter
546 3763 734 3830 emissurus,
766 3762 792 3820 si
812 3762 870 3840 ipsi
893 3780 963 3821 sese
983 3780 1046 3821 non
1068 3758 1163 3817 invol-

241 3844 357 3906 vissenl
381 3841 448 3902 sine
460 3862 568 3921 causa,
589 3852 630 3921 et,
652 3851 686 3904 ut
706 3844 827 3921 dicitur,
848 3843 1004 3905 neutrales
1025 3851 1057 3904 et
1076 3839 1163 3901 indil-

241 3924 376 3986 lerentes
398 3923 578 3986 habuissent
599 3928 751 4006 utrinque.
793 3927 870 3988 Ideo
897 3947 959 3988 non
980 3927 1075 4001 mihi,
1110 3922 1164 3982 scd

242 4007 298 4068 sibi
322 4008 527 4086 imputabunt,
550 4011 575 4070 si
599 4017 763 4090 tangantur
785 4011 902 4092 stipsi,
923 4029 1002 4089 quos
1022 4028 1079 4088 per
1099 4005 1166 4085 glo-

240 4092 305 4154 riae
327 4090 461 4152 studium
491 4101 521 4153 et
542 4094 713 4154 inveterata
745 4095 809 4155 iam
841 4094 893 4156 diu
913 4092 1034 4154 invidia
1050 4087 1166 4167 coegit,
