3075 4775
330 553 373 620 46
542 557 697 627 ursputsuo
714 557 826 628 uptus
842 557 936 613 suurn
953 571 981 611 ι
999 558 1063 612 m
1115 529 1118 547 '

480 669 483 675 .
566 651 572 678 s

414 743 475 805 Sed
497 744 580 823 quod
601 744 714 806 fatetur
734 745 858 806 Petrum
890 746 970 806 bene
998 747 1093 807 luisse
1121 746 1255 827 primum

331 828 517 909 apostolum,
540 847 667 889 numero
690 835 721 890 et
734 829 862 890 honoris
883 831 1110 910 praerogativa,
1133 836 1165 890 et
1188 848 1254 889 non

330 913 510 992 potestatis,
531 911 604 971 illud
628 931 690 972 ncn
714 913 863 972 satisfacit
878 914 1026 973 instituto.
1047 913 1160 992 Primo,
1182 913 1256 991 quic

326 995 549 1074 Evangelistsc
570 1013 728 1055 numerum
751 996 963 1075 apostolorum
988 1015 1057 1056 oca
1084 995 1257 1075 aequaliter

330 1079 521 1157 inceperunt,
544 1079 621 1138 sicut
645 1078 884 1159 Chrysostomus
907 1098 1000 1159 super
1019 1079 1256 1140 Matthaco-am

332 1168 428 1238 notat,
450 1167 483 1220 et
494 1161 600 1242 glossa
616 1161 758 1222 videatur
769 1161 875 1222 Matth.
886 1166 933 1227 10.
956 1161 1085 1242 Deinde,
1108 1162 1190 1241 quod
1213 1161 1254 1222 de

330 1251 485 1324 potestate
516 1250 547 1305 et
572 1244 699 1304 honoris
727 1246 945 1324 praerogativa
965 1247 1083 1324 variat,
1106 1264 1260 1326 expresse

330 1333 377 1388 est
399 1334 506 1388 contm
528 1327 557 1388 S.
579 1327 744 1406 Martyrum
767 1327 972 1408 Cypriacam,
995 1330 1098 1408 quiin
1123 1335 1256 1389 tractatu

291 1429 296 1433 ·
329 1409 368 1471 dis
391 1411 584 1490 simplicitate
605 1407 814 1470 Praelatorum
846 1419 954 1473 contra
974 1411 1179 1472 Novaticnum
1208 1411 1256 1471 lo·

331 1513 427 1574 quens
451 1493 489 1552 de
512 1491 626 1552 diaboli
647 1495 759 1554 astutia
780 1495 1006 1574 increparem,
1031 1496 1083 1574 qui
1105 1495 1190 1555 velut
1208 1496 1255 1554 iu-

331 1578 432 1637 stitiae
455 1576 582 1635 ministri
601 1583 746 1636 asserunt
765 1584 890 1637 noctem
914 1595 969 1657 pro
992 1577 1058 1654 die,
1096 1579 1252 1638 interitum

330 1657 507 1739 prosalute,
529 1657 777 1738 desperationem
799 1659 856 1719 sub
868 1659 976 1720 obtutu
998 1663 1074 1741 spei,
1090 1659 1252 1742 perfidiam
1318 1719 1322 1725 ,

330 1742 386 1802 sub
415 1749 577 1821 praetextu
598 1741 687 1814 fidei,
711 1749 742 1802 et
762 1743 856 1802 inira:
878 1743 919 1802 Et
939 1746 1080 1822 quamvis
1102 1744 1256 1825 apostolis

331 1825 473 1885 omnibus
501 1831 573 1904 post
599 1826 855 1885 resurrectionem
888 1845 973 1885 suam
1007 1845 1115 1906 parem
1140 1827 1257 1892 almar

331 1914 526 1988 potestatem,
549 1915 580 1967 st
601 1907 684 1968 dicct
708 1905 763 1986 *lt
799 1908 884 1970 Sicut
905 1929 956 1969 me
978 1911 1061 1970 misit
1082 1911 1172 1971 Pater
1193 1917 1253 1970 etc.

330 2000 433 2052 tumen
463 1998 496 2051 ut
524 1993 670 2052 unitatem
704 1991 927 2071 manifestaret,
960 1995 1087 2054 unitatis
1115 1993 1255 2054 eiusdem

331 2076 480 2154 originem
508 2073 547 2135 ab
570 2094 633 2134 unc
653 2073 866 2155 incipientem,
889 2078 1053 2136 autoritate
1075 2096 1129 2137 sua
1151 2077 1255 2156 dispo·

330 2158 400 2217 suit.
442 2155 511 2217 Hoc
533 2164 622 2218 erant
641 2158 799 2236 utiqueet
808 2160 908 2219 ceteri
930 2157 1071 2239 discipuli
1093 2159 1176 2239 quod
1198 2159 1254 2219 Pc-

331 2247 423 2319 trus,
441 2241 507 2320 puri
530 2242 686 2301 consortio
709 2240 840 2320 praediti
862 2249 894 2302 ct
914 2243 1041 2302 honoris
1065 2250 1096 2302 et
1116 2249 1256 2323 potesta·

330 2325 386 2401 tis,
413 2323 474 2382 hoc
501 2323 746 2403 ponderandum.
791 2323 853 2385 Sed
880 2324 1040 2387 exordium
1070 2325 1109 2387 ab
1136 2327 1255 2387 unitate

330 2405 550 2488 proficiscitur,
579 2418 613 2467 nt
640 2408 773 2468 ecclesia
800 2429 861 2469 uns
890 2428 959 2470 esse
988 2417 1193 2489 monstretur,
1222 2418 1257 2470 et

328 2490 422 2551 inira:
444 2490 532 2550 Hanc
554 2492 700 2551 unitatem
723 2492 852 2569 quinon
873 2498 967 2570 tenet,
989 2493 1089 2573 legem
1107 2494 1165 2553 Dei
1188 2512 1253 2553 uon
1336 2528 1348 2553 x

230 2604 232 2617 =
330 2579 424 2651 tenet,
461 2591 523 2635 non
553 2580 639 2634 tenet
660 2574 758 2635 Patris
787 2581 819 2635 et
846 2576 912 2635 Filii
939 2575 1049 2655 fidem,
1071 2577 1165 2637 vitam
1188 2595 1253 2637 aon

323 2663 416 2717 ‘tenet
436 2662 467 2717 et
488 2656 629 2719 salutem.
671 2657 761 2717 Haec
777 2665 887 2719 notctu
909 2658 1088 2740 dignissimo
1107 2659 1254 2739 Cypriani

330 2739 441 2819 verba,
470 2741 522 2819 qui
542 2742 623 2801 inter
644 2743 890 2827 praerogativam
912 2742 1040 2803 honoria
1062 2750 1094 2803 ct
1114 2750 1253 2823 potesta·

330 2825 368 2884 tis
391 2823 551 2903 apostolos
575 2842 636 2884 non
661 2825 787 2884 variat·
1081 2826 1084 2832 ’

367 2927 369 2935 ’
413 2906 462 2966 Ad
485 2909 641 2986 quintum,
665 2907 704 2967 de
727 2908 890 2987 electione,
911 2907 982 2968 dico
1005 2914 1040 2968 ut
1060 2909 1153 2990 prius,
1176 2909 1252 2969 nihil

331 3009 389 3050 nos
406 2990 562 3070 disputare
591 2990 630 3051 de
660 2990 752 3050 modo
778 2990 928 3071 eligendi,
956 2992 1011 3051 sed
1033 2991 1073 3051 de
1094 2992 1253 3071 qualitate,

330 3079 384 3132 out
404 3075 506 3153 potius
529 3074 698 3153 quantitate
719 3073 817 3153 ipsius
839 3074 939 3153 electi,
961 3091 1057 3154 quare
1078 3073 1252 3135 Concilium

329 3154 479 3215 Nicenum
502 3176 566 3217 non
587 3158 644 3217 fuit
665 3155 911 3218 conciliabulum.
955 3158 1017 3219 Sed
1038 3176 1116 3238 quae
1137 3159 1251 3219 factum

330 3244 362 3297 et
383 3242 652 3301 conversationem
674 3240 855 3320 respiciunt,
884 3259 941 3322 pro
963 3243 1121 3322 temporis,
1144 3260 1253 3322 perso·

329 3340 437 3381 nurum
460 3328 492 3381 et
512 3321 650 3383 locorum
673 3324 821 3402 qualitate
846 3326 956 3385 mutari
977 3333 1127 3407 possunt,
1159 3332 1193 3386 ut
1220 3328 1252 3387 in

330 3404 432 3464 multis
454 3404 631 3467 Osnomlms
654 3406 804 3470 videmus.

283 3492 288 3505 '
411 3487 461 3548 Ad
484 3496 620 3568 sextum,
652 3490 735 3569 quod
764 3491 975 3551 observandas
995 3492 1031 3554 D.
1054 3492 1091 3555 D.
1114 3493 1156 3552 uti
1189 3493 1253 3553 dia-

330 3571 469 3631 lecticam
501 3574 631 3652 opponit
658 3594 707 3634 me
729 3572 858 3635 linxisse
886 3574 1112 3637 distinctionem
1137 3575 1177 3651 de
1199 3575 1252 3637 du·

329 3654 401 3735 plici
423 3662 507 3735 ortu,
534 3658 594 3715 iem
618 3658 789 3718 audivimus
819 3659 1021 3739 Cyprianum,
1051 3667 1082 3720 et
1109 3660 1253 3738 loquatur

329 3758 385 3819 pro
408 3738 524 3815 Ecoio,
553 3742 601 3799 cui
629 3760 691 3803 non
714 3748 831 3802 tantum
861 3745 997 3823 suppetit
1017 3743 1191 3824 ingenium,
1219 3748 1254 3803 ut

330 3841 412 3883 nova
433 3822 544 3907 finget,
575 3824 628 3884 sed
650 3832 757 3887 vetere
784 3831 961 3886 sanctorum
990 3826 1073 3887 dicta
1094 3846 1150 3906 pro
1174 3826 1252 3887 virili

366 4073 396 4138 *)
415 4073 511 4127 lohan.
530 4073 572 4128 20.
