3075 4775
540 553 615 610 Xlll.
633 554 670 609 ds
686 559 825 624 palmato
842 552 944 624 Papus.
1093 543 1099 553 ‘
1129 550 1191 619 333

273 736 432 801 eoolesisa
446 738 494 801 ius
509 758 597 801 suam
611 738 753 818 detrahit,
776 738 1053 818 iniustitiamissit3
1075 740 1128 819 qui
1143 758 1192 801 au-

275 830 335 883 tem
350 822 512 885 Romanae
524 824 896 905 molestae-privilegium,
917 824 957 885 ab
980 824 1049 903 ipso
1072 842 1192 899 summo

275 906 412 967 omnium
434 907 634 970 ecelesiarum
656 908 757 987 eapite
780 906 938 982 traditum,
966 904 1056 988 (vide
1076 907 1192 967 hiatum

275 990 367 1049 istum
382 988 596 1068 Stentoraurn)
615 991 735 1053 suisne
747 996 885 1067 sonatur,
907 991 959 1051 hio
971 991 1078 1069 prooul
1100 990 1192 1052 dubio

273 1074 304 1131 in
326 1071 480 1133 haeresim
502 1072 622 1136 labitur.

358 1154 500 1215 Ecclesia
521 1156 664 1217 Romana
684 1176 746 1217 non
770 1156 863 1218 habet
896 1157 957 1238 ius,
993 1155 1049 1217 sed
1071 1157 1192 1236 privile·

274 1239 367 1318 glum
411 1237 524 1313 Quod?
554 1240 638 1319 quod
661 1247 710 1301 εει
737 1258 832 1319 supra
853 1245 970 1319 petram
993 1238 1064 1299 fidei
1087 1236 1192 1301 aedifi·

275 1329 361 1399 uatu3
387 1318 449 1384 ho'o
469 1324 551 1383 enim
573 1324 668 1384 solius
690 1324 852 1384 Romanae
873 1322 1025 1383 eoolesiae
1050 1330 1110 1399 ost,
1133 1324 1192 1382 isto

274 1412 395 1482 autore,
415 1404 536 1483 deinde,
559 1415 676 1485 petram
699 1405 781 1482 fidei,
804 1406 947 1486 intelligit
969 1405 1192 1485 praelationem

274 1488 356 1547 hane
382 1489 532 1566 primatus
563 1492 685 1552 terreni.
726 1489 805 1551 Nam
838 1490 916 1553 haeo
949 1488 1009 1550 duo
1042 1496 1192 1569 perpetuo

277 1571 385 1631 misoet
408 1578 439 1631 et
461 1572 619 1640 oonfundit
640 1574 718 1638 hosa
739 1571 839 1653 palea.

359 1654 516 1734 obseoro,
553 1665 668 1735 quanta
690 1658 837 1737 patientia
858 1662 921 1732 est,
960 1656 1020 1715 ista
1043 1654 1194 1717 tolerare?

270 1731 411 1796 'Primum
434 1739 513 1799 siout
541 1739 622 1802 dixi:
655 1740 687 1801 Si
709 1748 797 1819 petra
818 1737 910 1799 fidem
933 1741 1051 1819 signat,
1085 1738 1193 1801 eadem

199 1843 204 1858 ·
275 1827 323 1882 εει
344 1822 481 1881 omnium
504 1823 722 1900 eeclesiarum,
755 1822 841 1883 nullo
879 1822 998 1900 reliquo
1021 1822 1193 1901 privilegio.

275 1902 308 1965 Si
327 1911 431 1965 sutem
454 1924 517 1967 non
533 1909 669 1973 omniurn
691 1914 739 1967 est
760 1904 880 1983 eadem,
901 1906 970 1967 sols.
983 1905 1041 1965 erit
1062 1906 1194 1965 eoelesia

276 1986 434 2066 Romana,
462 2008 525 2049 non
547 1989 663 2052 habens
686 1991 735 2049 oui
757 1986 996 2069 prae-sereturli.
1041 1986 1194 2063 sonando,

276 2071 301 2130 si
324 2080 413 2151 petra
440 2070 513 2132 fidei
547 2072 725 2154 dignitatern
755 2070 923 2152 signifieat,
954 2072 1014 2131 ianr
1048 2070 1106 2131 sibi
1135 2071 1195 2151 ipsi

277 2153 463 2215 contradicit
482 2156 512 2215 in
536 2156 649 2217 eodem
671 2157 776 2232 verbo,
800 2154 987 2233 verbumque
1010 2153 1122 2217 Christi
1143 2155 1194 2213 ad·

278 2237 409 2314 ulterat,
431 2237 502 2298 fidei
525 2238 783 2319 significationem
805 2239 836 2297 in
859 2238 1023 2317 potestatis
1044 2236 1195 2317 signifiea-

277 2321 394 2383 tionem
416 2320 607 2399 subvertens,
629 2332 661 2387 et
681 2323 820 2402 spiritum
832 2323 862 2381 in
886 2339 1019 2399 earnem,
1042 2320 1194 2385 Christum

275 2404 315 2466 ad
337 2405 485 2466 mundum
508 2408 643 2468 trahens.
686 2407 754 2466 Non
779 2425 853 2485 ergo
875 2413 923 2466 εει
937 2406 1120 2482 haeretious,
1143 2408 1194 2484 qui

275 2495 371 2568 negat
393 2489 455 2550 hoo
475 2491 667 2570 privilegium
691 2491 853 2550 Romanae
876 2488 1044 2566 eeclesiae,
1066 2488 1121 2550 aad
1143 2489 1195 2550 ille

275 2571 463 2652 depravator
484 2578 532 2634 est
552 2573 637 2634 verbi
659 2573 731 2645 nsi,
764 2574 815 2652 qui
844 2592 898 2651 per
920 2570 991 2632 iidei
1013 2582 1131 2651 petram
1151 2573 1194 2632 in·

276 2655 387 2736 telligit
410 2656 601 2736 privilegium
622 2658 783 2736 potentiae
805 2655 993 2734 temporalis.

359 2737 451 2812 Quod
473 2747 574 2801 autem
604 2741 634 2800 in
668 2734 730 2800 tina
751 2738 947 2800 Ambrosium
971 2737 1121 2816 adduoitp
1143 2737 1194 2814 qui

275 2841 310 2882 aa
333 2830 463 2882 matrem
484 2823 684 2883 eoulosiarum
698 2821 907 2900 aeaeritsequi
930 2821 1109 2891 Romanam.
1133 2820 1195 2888 Uti·

276 2925 348 2966 nam
371 2913 404 2964 et
423 2907 491 2985 ipsa
511 2906 593 2969 idem
617 2907 732 2974 iaceret
752 2925 821 2964 oum
846 2904 1027 2978 Ambrosio,
1063 2904 1196 2964 eooleaia

275 2989 420 3050 Romana
442 2996 538 3050 rnater
560 2997 627 3068 est,
655 2988 796 3050 sednon
826 2989 962 3049 omnium
986 2986 1194 3052 eeclesiarum.

275 3071 354 3132 Nam
379 3078 411 3131 et
436 3073 615 3152 metropolis
638 3071 794 3152 quaelibet
816 3079 863 3134 est
876 3078 973 3130 mater
986 3070 1194 3148 eeclesiarum,

274 3156 363 3216 iuxta
393 3155 515 3216 Petrum
553 3163 677 3219 statuta.
727 3155 846 3217 Deinde
885 3155 1025 3214 Romana
1063 3151 1196 3218 eoeleste

276 3257 434 3317 uunquam
455 3238 556 3300 vorbis
579 3239 690 3300 Christi
710 3241 767 3302 has
790 3237 1001 3300 contumelias·
1015 3239 1097 3315 fauit,
1120 3255 1196 3320 quas
1313 3251 1321 3259 ·

277 3323 356 3382 haee
378 3323 470 3402 palea
491 3323 578 3399 iacit,
614 3324 669 3383 sed
702 3344 757 3404 per
784 3332 902 3402 petram
925 3319 1017 3380 fidem
1042 3321 1196 3401 iutelligit,

277 3425 341 3466 uon
364 3404 534 3485 tyrannidis
555 3406 766 3469 ambitionem.

360 3488 573 3566 Cotavus'(ut
594 3488 687 3551 linem
714 3491 863 3550 ieeiamus
897 3488 1005 3548 horum
1035 3487 1196 3567 deploran-

278 3571 387 3634 dorum
409 3573 608 3652 interpretum
631 3574 805 3654 Soripturae
840 3571 982 3648 divinae]
1007 3579 1054 3632 εει
1087 3572 1196 3634 iterum

278 3655 446 3718 Anaolatus
460 3655 568 3717 eadem
591 3657 693 3717 distin.
715 3676 740 3720 o.
764 3655 978 3716 Saorosanota.
1026 3654 1094 3729 (Sia
1116 3655 1196 3714 enirn

280 3759 371 3802 ausus
384 3747 442 3817 est,
465 3741 600 3820 quisquis
613 3741 703 3800 suerit
725 3738 1031 3816 iateharbarissimuo
1050 3738 1197 3812 notarius,

280 3827 370 3885 etiarn
393 3830 480 3884 tanto
503 3821 645 3885 Pontifici
674 3823 806 3884 tribuere
840 3829 956 3882 tanturn
987 3830 1018 3881 ει
1045 3821 1197 3881 inseitiarn

281 3917 311 3970 et
331 3909 537 3984 temeritaten,
559 3915 705 3986 quantam
728 3903 930 3987 videhinrua):

283 4048 400 4056 —---.--

316 4099 348 4169 1)
370 4099 400 4152 ln
419 4097 462 4152 ed.
480 4101 587 4166 priora:
605 4100 785 4167 praeferatur.
