3075 4775
513 554 587 614 xus
605 548 798 626 denotentste
817 556 921 626 Penes.
1121 552 1183 621 me

263 742 349 823 ipsso
370 743 402 805 ie
424 742 484 806 hoo
503 761 539 803 re
565 742 730 806 iotmstum
753 747 810 803 est.
853 741 902 801 Ex
934 742 971 803 iis
1003 741 1066 803 ient
1092 740 1184 808 toute

264 831 324 903 est,
343 826 479 888 Demete
498 827 569 907 ipss
588 826 734 905 indicere,
757 844 848 905 quom
865 823 1025 888 infirmiter
1037 844 1093 885 sue
1115 844 1184 904 pro·

265 909 351 971 beni.
395 908 486 985 Quod
507 916 542 971 ut
562 909 679 979 elerum
702 910 823 987 faeiem,
844 909 964 987 aliquot
985 905 1116 991 eddnoo.

348 992 469 1056 Primus
489 999 538 1055 est
550 992 613 1053 Leo
636 992 705 1053 dist.
721 994 766 1056 ee.
790 1011 816 1054 o.
839 994 883 1051 lte
897 992 1049 1053 Dominus
1068 997 1184 1071 noster,

263 1072 388 1156 inquitz'
401 1076 495 1137 deses
517 1075 654 1137 Christus
683 1076 808 1138 humani
838 1076 961 1159 generis
983 1073 1184 1138 salvatorio

267 1160 376 1238 stituit,
399 1166 435 1222 ιιι
453 1161 577 1236 veritos,
597 1177 677 1237 ques
699 1166 791 1220 anteo
812 1156 889 1238 legis
912 1165 944 1219 et
964 1158 1183 1237 prophetorum

264 1244 436 1323 preesonio
457 1242 691 1317 continebatur,
723 1260 779 1321 pen
801 1241 905 1303 tnhem
926 1241 1129 1321 apostolieom
1152 1242 1185 1307 in

162 1375 163 1384 ,
267 1326 402 1389 sulutem
423 1326 631 1389 universitatis
653 1326 762 1403 exiret,
783 1327 861 1390 siout
881 1325 1026 1403 seriptum
1050 1331 1115 1385 est:
1151 1324 1184 1383 ln

162 1405 163 1458 l
265 1428 392 1473 omnem
414 1418 526 1472 terrem
549 1410 646 1469 exivit
665 1424 892 1488 sonuseorum,
913 1409 991 1470 etin
1007 1406 1085 1467 lines
1103 1406 1184 1473 suble
1270 1456 1276 1465 .

266 1500 369 1558 tettae
390 1492 485 1555 verbe
497 1510 613 1555 eorum.
656 1491 718 1561 Sed
733 1492 827 1554 huius
845 1492 977 1553 muneris
991 1496 1185 1556 santamente

264 1578 308 1638 its
328 1576 484 1637 Dominut
504 1575 543 1644 ed
567 1576 704 1637 omnium
726 1575 938 1654 apostolorum
963 1572 1098 1635 offioium
1119 1592 1184 1653 per·

266 1661 367 1722 dnere
380 1660 488 1736 voluit,
506 1659 578 1722 utin
590 1659 767 1724 beatissimo
787 1658 878 1719 Petne
902 1660 1036 1720 omnium
1061 1663 1182 1737 aposto

266 1742 366 1803 lorum
376 1761 497 1803 summo
508 1742 717 1821 principaliter
727 1740 906 1821 eollooeret‚
920 1747 954 1801 ιιι
966 1741 1005 1804 eb
1019 1743 1098 1820 ipso,
1115 1758 1185 1819 que-

265 1827 292 1888 si
303 1845 323 1886 o
344 1826 607 1905 quodem-copim,
627 1823 711 1887 done
727 1842 791 1885 sno
808 1824 892 1887 velut
913 1825 944 1885 in
959 1843 1078 1903 eorpus
1092 1842 1185 1883 omne

266 1908 469 1988 diffunderet,
502 1916 538 1969 ut
563 1916 718 1970 exsortem
741 1928 776 1969 se
796 1907 982 1989 intelligeret
1003 1906 1099 1969 divini
1121 1923 1191 1989 myf

265 1994 355 2056 nterii
365 2012 445 2071 esse,
467 1995 517 2071 qui
532 2011 552 2051 e
564 1992 645 2053 Petri
661 1990 816 2053 soliditate
827 1990 994 2052 resederet.
1025 1990 1111 2053 Heeo
1122 1990 1185 2052 ille.

350 2074 439 2153 Quis,
459 2076 606 2152 obseero,
628 2094 690 2137 non
714 2074 798 2137 videt
820 2077 960 2137 sanetum
982 2081 1014 2135 et
1035 2072 1185 2137 eruditum

264 2160 350 2222 hune
370 2160 469 2224 virum
490 2159 627 2222 humens
648 2161 794 2239 pessum?
823 2158 905 2219 Nem
928 2158 1032 2238 siper
1054 2156 1188 2221 soluite

266 2248 328 2304 tem
351 2242 433 2303 Petri
455 2240 724 2322 intelligendum,
746 2260 808 2322 que
828 2241 935 2303 Petrus
949 2240 1103 2304 Christum
1114 2259 1185 2303 eon·

265 2326 367 2390 tessus
388 2334 436 2390 est
457 2326 563 2389 ldetth.
577 2328 636 2406 le,
658 2335 742 2389 reete
757 2332 790 2388 et
804 2326 984 2406 evangelieo
996 2325 1080 2390 dieit.
1102 2324 1187 2390 esee

267 2409 451 2475 saintines
474 2417 523 2471 eet
547 2417 650 2490 peteo,
681 2429 704 2470 e
723 2429 785 2490 que
807 2407 914 2472 Petrus
936 2429 1049 2472 nomen
1072 2409 1184 2471 hebet:

266 2513 360 2574 uque
374 2495 425 2573 qni
440 2493 611 2571 reeeeses‘it,
627 2495 735 2554 merito
745 2509 856 2556 exsors
870 2499 919 2554 est
929 2492 1024 2554 divini
1038 2494 1185 2573 mysterii.

267 2579 398 2655 Verum,
420 2579 446 2636 ei
469 2596 524 2657 per
545 2576 734 2638 soliditatem
755 2577 836 2638 Petri
858 2577 1003 2657 intelligit
1023 2575 1187 2639 iurisdieti-

266 2679 360 2723 onem
382 2665 621 2741 ‹is-potestatem
633 2660 715 2722 Petri
733 2666 768 2720 et
780 2661 913 2722 Romani
935 2658 1101 2740 pontifieis,
1124 2660 1186 2738 qui-

268 2743 345 2807 libet
365 2743 458 2805 fooile
478 2744 577 2823 oepit,
599 2743 683 2822 qnod
705 2742 801 2806 verbo
825 2744 979 2824 evangelii
1002 2743 1135 2804 ebutituu
1153 2748 1186 2805 et

264 2828 390 2891 fallitur.
433 2826 545 2894 Nonne
567 2846 676 2888 omnes
685 2828 822 2908 apostoli
834 2828 957 2891 fuerunt
975 2827 1006 2886 in
1029 2825 1186 2889 soliditate

265 2912 368 2990 Petri,
390 2918 547 2972 ettamen
568 2910 784 2973 eanomune
806 2911 937 2973 eeelesie
961 2928 1024 2971 non
1046 2908 1186 2972 inerunt?

265 2995 295 3060 S.
320 2994 496 3074 Stephanus
523 3000 556 3056 et
586 2994 638 3054 elii
667 3014 687 3054 e
706 2994 802 3056 Psulo
832 2995 1081 3076 perseeutiouem
1104 2993 1187 3072 pessi

263 3080 296 3140 in
315 3077 476 3140 soliditate
487 3077 569 3142 Petri
589 3077 720 3152 fuerunt,
743 3083 909 3156 antequem
920 3078 1067 3141 Romana
1090 3075 1187 3137 enode

264 3163 311 3222 sie
331 3159 428 3222 fieret.
473 3159 594 3223 Deinde
615 3160 724 3223 eedem
739 3161 865 3223 humani
882 3160 1010 3222 effeetus
1036 3158 1186 3222 lebilitete
1272 3173 1273 3176 ’

262 3244 341 3310 uteie
374 3245 405 3304 in
440 3245 586 3324 apostolo
615 3245 721 3306 Petro,
748 3245 960 3324 prinoipeliter
999 3242 1186 3306 oolloeetum

265 3347 379 3390 munus
387 3327 534 3404 docendi,
555 3327 680 3390 trohens
701 3327 741 3391 ed
754 3327 940 3408 singularem
952 3327 1084 3406 Petrum
1101 3326 1185 3406 qnod

264 3411 423 3491 Propheta
435 3411 547 3492 plusti
562 3419 592 3472 et
603 3411 770 3473 indisersto
782 3431 910 3476 numero
933 3408 1062 3492 uiximl:
1086 3411 1186 3472 Sonus

264 3512 374 3560 mum
396 3502 428 3556 et
447 3494 544 3557 verbo
563 3513 680 3558 eorum.
1041 3542 1043 3550 ‚

346 3578 410 3642 Sed
428 3587 460 3641 et
480 3579 546 3640 hoo-
563 3578 724 3640 meniieste
745 3577 859 3641 fulsum
880 3583 948 3656 est,
972 3577 1055 3656 qnod
1076 3577 1185 3638 Peleus

263 3670 360 3744 eaput
380 3663 421 3726 sit
441 3663 537 3726 totins
559 3663 716 3744 eorporis,
737 3680 758 3720 e
779 3679 839 3740 quo
863 3661 945 3722 done
967 3680 1026 3722 sue
1048 3659 1184 3725 Christus

265 3746 298 3806 in
319 3747 414 3808 omne
446 3764 559 3820 eureus
596 3745 762 3822 diffundet,
796 3746 854 3806 nisi
883 3743 1035 3824 intelliget
1067 3749 1186 3824 perte·

266 3829 437 3908 seelesiee,
468 3847 548 3908 quse
576 3828 710 3890 dooente
731 3828 822 3890 Petro
851 3827 970 3890 eruditu
993 3833 1056 3906 est,
1086 3833 1119 3886 nt
1140 3831 1188 3888 est

265 3911 377 3977 letina
396 3919 428 3976 et
443 3912 646 3976 ooeidentelis
658 3912 801 3975 eoelesie.
843 3912 921 3975 Nom
936 3913 1029 3973 etiem
1042 3929 1096 3989 per
1108 3907 1186 3972 alios

272 4029 692 4063 Mam...

296 4102 336 4171 ¹')
355 4100 429 4156 Pesla
449 4102 493 4159 19.
557 4129 560 4132 ·
