<?xml version="1.0" encoding="UTF-8"?>
<!DOCTYPE html PUBLIC "-//W3C//DTD XHTML 1.0 Transitional//EN"
    "http://www.w3.org/TR/xhtml1/DTD/xhtml1-transitional.dtd">
<html xmlns="http://www.w3.org/1999/xhtml" xml:lang="en" lang="en">
 <head>
  <title>
</title>
<meta http-equiv="Content-Type" content="text/html;charset=utf-8" />
  <meta name='ocr-system' content='tesseract 3.04.00' />
  <meta name='ocr-capabilities' content='ocr_page ocr_carea ocr_par ocr_line ocrx_word'/>
</head>
<body>
  <div class='ocr_page' id='page_1' title='image "./operalatinavari02schmgoog_0114.png"; bbox 0 0 3075 4775; ppageno 0'>
   <div class='ocr_carea' id='block_1_1' title="bbox 360 508 1208 615">
    <p class='ocr_par' dir='ltr' id='par_1_1' title="bbox 360 508 1208 615">
     <span class='ocr_line' id='line_1_1' title="bbox 360 508 1208 615; baseline -0.012 -13"><span class='ocrx_word' id='word_1_1' title='bbox 360 540 424 610; x_wconf 80' lang='lat'><strong>108</strong></span> <span class='ocrx_word' id='word_1_2' title='bbox 565 544 726 615; x_wconf 76' lang='lat' dir='ltr'><strong>Disputatio</strong></span> <span class='ocrx_word' id='word_1_3' title='bbox 743 544 853 613; x_wconf 76' lang='lat' dir='ltr'><strong>hipsiss</strong></span> <span class='ocrx_word' id='word_1_4' title='bbox 869 543 961 597; x_wconf 74' lang='lat' dir='ltr'><strong>hohits</strong></span> <span class='ocrx_word' id='word_1_5' title='bbox 979 557 1004 596; x_wconf 89' lang='lat' dir='ltr'><strong>s.</strong></span> <span class='ocrx_word' id='word_1_6' title='bbox 1022 540 1080 596; x_wconf 86' lang='lat' dir='ltr'><strong>x1x</strong></span> <span class='ocrx_word' id='word_1_7' title='bbox 1202 508 1208 517; x_wconf 86' lang='lat'>.</span> 
     </span>
    </p>
   </div>
   <div class='ocr_carea' id='block_1_2' title="bbox 363 730 1291 1312">
    <p class='ocr_par' dir='ltr' id='par_1_2' title="bbox 363 730 1291 1312">
     <span class='ocr_line' id='line_1_2' title="bbox 364 730 1289 812; baseline 0.003 -20"><span class='ocrx_word' id='word_1_8' title='bbox 364 730 449 812; x_wconf 84' lang='lat' dir='ltr'><strong>qnod</strong></span> <span class='ocrx_word' id='word_1_9' title='bbox 479 730 622 792; x_wconf 75' lang='lat' dir='ltr'><strong>damnem</strong></span> <span class='ocrx_word' id='word_1_10' title='bbox 654 731 930 792; x_wconf 63' lang='lat' dir='ltr'><strong>illustrissimorum*</strong></span> <span class='ocrx_word' id='word_1_11' title='bbox 949 730 1070 791; x_wconf 70' lang='lat' dir='ltr'><strong>Petrum</strong></span> <span class='ocrx_word' id='word_1_12' title='bbox 1093 730 1289 807; x_wconf 70' lang='lat' dir='ltr'><strong>sententiam,</strong></span> 
     </span>
     <span class='ocr_line' id='line_1_3' title="bbox 365 813 1288 894; baseline -0.002 -19"><span class='ocrx_word' id='word_1_13' title='bbox 365 814 420 876; x_wconf 87' lang='lat' dir='ltr'><strong>sed</strong></span> <span class='ocrx_word' id='word_1_14' title='bbox 443 814 527 894; x_wconf 87' lang='lat' dir='ltr'><strong>quod</strong></span> <span class='ocrx_word' id='word_1_15' title='bbox 552 834 607 877; x_wconf 89' lang='lat' dir='ltr'><strong>eos</strong></span> <span class='ocrx_word' id='word_1_16' title='bbox 629 814 746 891; x_wconf 86' lang='lat' dir='ltr'><strong>imiter,</strong></span> <span class='ocrx_word' id='word_1_17' title='bbox 769 816 820 894; x_wconf 87' lang='lat' dir='ltr'><strong>qni</strong></span> <span class='ocrx_word' id='word_1_18' title='bbox 842 815 982 894; x_wconf 86' lang='lat' dir='ltr'><strong>proxime</strong></span> <span class='ocrx_word' id='word_1_19' title='bbox 1005 813 1179 894; x_wconf 78' lang='lat' dir='ltr'><strong>Soripturse</strong></span> <span class='ocrx_word' id='word_1_20' title='bbox 1201 830 1288 873; x_wconf 78' lang='lat' dir='ltr'><strong>aeos·</strong></span> 
     </span>
     <span class='ocr_line' id='line_1_4' title="bbox 365 896 1290 979; baseline -0.003 -21"><span class='ocrx_word' id='word_1_21' title='bbox 365 898 459 973; x_wconf 84' lang='lat' dir='ltr'><strong>dunt,</strong></span> <span class='ocrx_word' id='word_1_22' title='bbox 487 907 519 959; x_wconf 89' lang='lat' dir='ltr'><strong>et</strong></span> <span class='ocrx_word' id='word_1_23' title='bbox 539 918 614 979; x_wconf 79' lang='lat' dir='ltr'><strong>pree</strong></span> <span class='ocrx_word' id='word_1_24' title='bbox 635 897 793 972; x_wconf 88' lang='lat' dir='ltr'><strong>omnibns,</strong></span> <span class='ocrx_word' id='word_1_25' title='bbox 820 898 845 957; x_wconf 92' lang='lat' dir='ltr'><strong>si</strong></span> <span class='ocrx_word' id='word_1_26' title='bbox 874 905 981 978; x_wconf 80' lang='lat' dir='ltr'><strong>operto</strong></span> <span class='ocrx_word' id='word_1_27' title='bbox 1012 896 1102 958; x_wconf 87' lang='lat' dir='ltr'><strong>inerit</strong></span> <span class='ocrx_word' id='word_1_28' title='bbox 1123 896 1290 977; x_wconf 82' lang='lat' dir='ltr'><strong>Soripturo,</strong></span> 
     </span>
     <span class='ocr_line' id='line_1_5' title="bbox 365 980 1290 1062; baseline -0.004 -19"><span class='ocrx_word' id='word_1_29' title='bbox 365 1000 434 1043; x_wconf 85' lang='lat' dir='ltr'><strong>eom</strong></span> <span class='ocrx_word' id='word_1_30' title='bbox 454 982 553 1062; x_wconf 77' lang='lat' dir='ltr'><strong>ipsam</strong></span> <span class='ocrx_word' id='word_1_31' title='bbox 570 981 749 1062; x_wconf 79' lang='lat' dir='ltr'><strong>amplector.</strong></span> <span class='ocrx_word' id='word_1_32' title='bbox 773 982 849 1044; x_wconf 85' lang='lat' dir='ltr'><strong>Cum</strong></span> <span class='ocrx_word' id='word_1_33' title='bbox 863 1000 937 1061; x_wconf 80' lang='lat' dir='ltr'><strong>ergo</strong></span> <span class='ocrx_word' id='word_1_34' title='bbox 950 981 1065 1041; x_wconf 76' lang='lat' dir='ltr'><strong>olorum</strong></span> <span class='ocrx_word' id='word_1_35' title='bbox 1089 980 1136 1054; x_wconf 86' lang='lat' dir='ltr'><strong>sit,</strong></span> <span class='ocrx_word' id='word_1_36' title='bbox 1159 999 1290 1061; x_wconf 83' lang='lat' dir='ltr'><strong>poseere</strong></span> 
     </span>
     <span class='ocr_line' id='line_1_6' title="bbox 364 1062 1290 1145; baseline -0.002 -20"><span class='ocrx_word' id='word_1_37' title='bbox 364 1066 395 1125; x_wconf 84' lang='lat' dir='ltr'><strong>vi</strong></span> <span class='ocrx_word' id='word_1_38' title='bbox 415 1064 559 1127; x_wconf 78' lang='lat' dir='ltr'><strong>voenhuli</strong></span> <span class='ocrx_word' id='word_1_39' title='bbox 580 1071 612 1126; x_wconf 89' lang='lat' dir='ltr'><strong>et</strong></span> <span class='ocrx_word' id='word_1_40' title='bbox 638 1084 696 1125; x_wconf 84' lang='lat' dir='ltr'><strong>usn</strong></span> <span class='ocrx_word' id='word_1_41' title='bbox 717 1063 894 1145; x_wconf 79' lang='lat' dir='ltr'><strong>Scriptores</strong></span> <span class='ocrx_word' id='word_1_42' title='bbox 928 1083 991 1125; x_wconf 91' lang='lat' dir='ltr'><strong>non</strong></span> <span class='ocrx_word' id='word_1_43' title='bbox 1026 1062 1199 1145; x_wconf 77' lang='lat' dir='ltr'><strong>signifloore</strong></span> <span class='ocrx_word' id='word_1_44' title='bbox 1230 1063 1290 1123; x_wconf 91' lang='lat' dir='ltr'><strong>nisi</strong></span> 
     </span>
     <span class='ocr_line' id='line_1_7' title="bbox 364 1145 1289 1227; baseline -0.003 -19"><span class='ocrx_word' id='word_1_45' title='bbox 364 1147 496 1225; x_wconf 87' lang='lat' dir='ltr'><strong>dooere,</strong></span> <span class='ocrx_word' id='word_1_46' title='bbox 524 1167 631 1209; x_wconf 85' lang='lat' dir='ltr'><strong>onnore</strong></span> <span class='ocrx_word' id='word_1_47' title='bbox 659 1167 755 1227; x_wconf 87' lang='lat' dir='ltr'><strong>oves,</strong></span> <span class='ocrx_word' id='word_1_48' title='bbox 786 1146 916 1223; x_wconf 81' lang='lat' dir='ltr'><strong>sieut1)</strong></span> <span class='ocrx_word' id='word_1_49' title='bbox 952 1147 1060 1207; x_wconf 87' lang='lat' dir='ltr'><strong>Petrus</strong></span> <span class='ocrx_word' id='word_1_50' title='bbox 1087 1148 1186 1227; x_wconf 85' lang='lat' dir='ltr'><strong>nooipi</strong></span> <span class='ocrx_word' id='word_1_51' title='bbox 1205 1145 1289 1206; x_wconf 86' lang='lat' dir='ltr'><strong>vult:</strong></span> 
     </span>
     <span class='ocr_line' id='line_1_8' title="bbox 363 1230 1291 1312; baseline -0.002 -21"><span class='ocrx_word' id='word_1_52' title='bbox 363 1230 504 1305; x_wconf 67' lang='lat' dir='ltr'><strong>Punite,</strong></span> <span class='ocrx_word' id='word_1_53' title='bbox 526 1233 579 1311; x_wconf 85' lang='lat' dir='ltr'><strong>qni</strong></span> <span class='ocrx_word' id='word_1_54' title='bbox 600 1232 632 1291; x_wconf 89' lang='lat' dir='ltr'><strong>in</strong></span> <span class='ocrx_word' id='word_1_55' title='bbox 652 1231 741 1292; x_wconf 85' lang='lat' dir='ltr'><strong>vobis</strong></span> <span class='ocrx_word' id='word_1_56' title='bbox 762 1236 819 1311; x_wconf 81' lang='lat' dir='ltr'><strong>est,</strong></span> <span class='ocrx_word' id='word_1_57' title='bbox 841 1250 976 1312; x_wconf 76' lang='lat' dir='ltr'><strong>gregem.</strong></span> <span class='ocrx_word' id='word_1_58' title='bbox 997 1230 1066 1291; x_wconf 81' lang='lat' dir='ltr'><strong>Non</strong></span> <span class='ocrx_word' id='word_1_59' title='bbox 1090 1236 1217 1311; x_wconf 75' lang='lat' dir='ltr'>oportet</span> <span class='ocrx_word' id='word_1_60' title='bbox 1236 1249 1291 1289; x_wconf 89' lang='lat' dir='ltr'><strong>vo-</strong></span> 
     </span>
    </p>
   </div>
   <div class='ocr_carea' id='block_1_3' title="bbox 248 1314 1375 1405">
    <p class='ocr_par' dir='ltr' id='par_1_3' title="bbox 248 1314 1375 1405">
     <span class='ocr_line' id='line_1_9' title="bbox 248 1314 1375 1405; baseline -0.003 -30"><span class='ocrx_word' id='word_1_61' title='bbox 248 1318 250 1322; x_wconf 82' lang='grc'><strong>’</strong></span> <span class='ocrx_word' id='word_1_62' title='bbox 364 1314 506 1377; x_wconf 74' lang='lat' dir='ltr'><strong>nebulum</strong></span> <span class='ocrx_word' id='word_1_63' title='bbox 526 1316 744 1393; x_wconf 83' lang='lat' dir='ltr'><strong>seqnivoosre,</strong></span> <span class='ocrx_word' id='word_1_64' title='bbox 766 1322 798 1375; x_wconf 89' lang='lat' dir='ltr'><strong>et</strong></span> <span class='ocrx_word' id='word_1_65' title='bbox 819 1314 989 1394; x_wconf 87' lang='lat' dir='ltr'><strong>simplioem</strong></span> <span class='ocrx_word' id='word_1_66' title='bbox 1002 1332 1126 1381; x_wconf 87' lang='lat' dir='ltr'><strong>sensnm</strong></span> <span class='ocrx_word' id='word_1_67' title='bbox 1148 1314 1216 1373; x_wconf 86' lang='lat' dir='ltr'><strong>sine</strong></span> <span class='ocrx_word' id='word_1_68' title='bbox 1238 1332 1290 1373; x_wconf 91' lang='lat' dir='ltr'><strong>ne·</strong></span> <span class='ocrx_word' id='word_1_69' title='bbox 1374 1398 1375 1405; x_wconf 8' lang='grc' dir='ltr'>ἵ</span> 
     </span>
    </p>
   </div>
   <div class='ocr_carea' id='block_1_4' title="bbox 290 1398 1295 3225">
    <p class='ocr_par' dir='ltr' id='par_1_4' title="bbox 364 1398 716 1477">
     <span class='ocr_line' id='line_1_10' title="bbox 364 1398 716 1477; baseline 0.009 -19"><span class='ocrx_word' id='word_1_70' title='bbox 364 1398 512 1459; x_wconf 79' lang='lat' dir='ltr'><strong>oessitste</strong></span> <span class='ocrx_word' id='word_1_71' title='bbox 532 1398 716 1477; x_wconf 87' lang='lat' dir='ltr'><strong>relinquere.</strong></span> 
     </span>
    </p>

    <p class='ocr_par' dir='ltr' id='par_1_5' title="bbox 305 1475 1292 1893">
     <span class='ocr_line' id='line_1_11' title="bbox 406 1475 1286 1559; baseline -0.002 -17"><span class='ocrx_word' id='word_1_72' title='bbox 406 1481 557 1542; x_wconf 84' lang='lat' dir='ltr'><strong>Dissolvit</strong></span> <span class='ocrx_word' id='word_1_73' title='bbox 578 1475 687 1559; x_wconf 79' lang='lat' dir='ltr'><strong>etism,</strong></span> <span class='ocrx_word' id='word_1_74' title='bbox 719 1479 804 1559; x_wconf 86' lang='lat' dir='ltr'><strong>qnod</strong></span> <span class='ocrx_word' id='word_1_75' title='bbox 831 1480 893 1541; x_wconf 85' lang='lat' dir='ltr'><strong>dixi</strong></span> <span class='ocrx_word' id='word_1_76' title='bbox 927 1500 997 1540; x_wconf 87' lang='lat' dir='ltr'><strong>esse</strong></span> <span class='ocrx_word' id='word_1_77' title='bbox 1020 1480 1233 1541; x_wconf 89' lang='lat' dir='ltr'><strong>eonditionem</strong></span> <span class='ocrx_word' id='word_1_78' title='bbox 1256 1481 1286 1540; x_wconf 91' lang='lat' dir='ltr'><strong>in</strong></span> 
     </span>
     <span class='ocr_line' id='line_1_12' title="bbox 361 1562 1292 1644; baseline 0 -21"><span class='ocrx_word' id='word_1_79' title='bbox 361 1564 461 1625; x_wconf 51' lang='lat' dir='ltr'><strong>¹verbo</strong></span> <span class='ocrx_word' id='word_1_80' title='bbox 483 1562 617 1641; x_wconf 76' lang='lat' dir='ltr'>Christi,</span> <span class='ocrx_word' id='word_1_81' title='bbox 640 1563 673 1624; x_wconf 79' lang='lat' dir='ltr'><strong>Si</strong></span> <span class='ocrx_word' id='word_1_82' title='bbox 700 1563 802 1644; x_wconf 81' lang='lat' dir='ltr'><strong>diligis</strong></span> <span class='ocrx_word' id='word_1_83' title='bbox 835 1582 905 1641; x_wconf 93' lang='lat' dir='ltr'><strong>me,</strong></span> <span class='ocrx_word' id='word_1_84' title='bbox 927 1562 1051 1642; x_wconf 77' lang='lat' dir='ltr'><strong>qnando</strong></span> <span class='ocrx_word' id='word_1_85' title='bbox 1080 1582 1138 1644; x_wconf 85' lang='lat' dir='ltr'><strong>ego</strong></span> <span class='ocrx_word' id='word_1_86' title='bbox 1160 1563 1292 1626; x_wconf 78' lang='lat' dir='ltr'><strong>arbitrer</strong></span> 
     </span>
     <span class='ocr_line' id='line_1_13' title="bbox 365 1644 1290 1727; baseline 0 -20"><span class='ocrx_word' id='word_1_87' title='bbox 365 1665 428 1709; x_wconf 89' lang='lat' dir='ltr'><strong>non</strong></span> <span class='ocrx_word' id='word_1_88' title='bbox 446 1647 541 1709; x_wconf 91' lang='lat' dir='ltr'><strong>modo</strong></span> <span class='ocrx_word' id='word_1_89' title='bbox 566 1647 797 1723; x_wconf 77' lang='lat' dir='ltr'><strong>conditionem,</strong></span> <span class='ocrx_word' id='word_1_90' title='bbox 830 1646 886 1707; x_wconf 84' lang='lat' dir='ltr'><strong>sed</strong></span> <span class='ocrx_word' id='word_1_91' title='bbox 920 1652 952 1707; x_wconf 86' lang='lat' dir='ltr'><strong>et</strong></span> <span class='ocrx_word' id='word_1_92' title='bbox 973 1652 1096 1727; x_wconf 82' lang='lat' dir='ltr'><strong>pontum</strong></span> <span class='ocrx_word' id='word_1_93' title='bbox 1119 1664 1188 1708; x_wconf 88' lang='lat' dir='ltr'><strong>esse</strong></span> <span class='ocrx_word' id='word_1_94' title='bbox 1209 1644 1290 1707; x_wconf 83' lang='lat' dir='ltr'><strong>inter</strong></span> 
     </span>
     <span class='ocr_line' id='line_1_14' title="bbox 366 1729 1292 1811; baseline -0.001 -19"><span class='ocrx_word' id='word_1_95' title='bbox 366 1729 519 1792; x_wconf 77' lang='lat' dir='ltr'><strong>Christum</strong></span> <span class='ocrx_word' id='word_1_96' title='bbox 543 1737 574 1789; x_wconf 88' lang='lat' dir='ltr'><strong>et</strong></span> <span class='ocrx_word' id='word_1_97' title='bbox 594 1730 728 1808; x_wconf 83' lang='lat' dir='ltr'><strong>Petrum,</strong></span> <span class='ocrx_word' id='word_1_98' title='bbox 749 1729 823 1789; x_wconf 87' lang='lat' dir='ltr'><strong>dnm</strong></span> <span class='ocrx_word' id='word_1_99' title='bbox 844 1730 898 1793; x_wconf 88' lang='lat' dir='ltr'><strong>illo</strong></span> <span class='ocrx_word' id='word_1_100' title='bbox 919 1729 1001 1809; x_wconf 83' lang='lat' dir='ltr'><strong>dicit,</strong></span> <span class='ocrx_word' id='word_1_101' title='bbox 1023 1729 1136 1811; x_wconf 79' lang='lat' dir='ltr'><strong>Diligis</strong></span> <span class='ocrx_word' id='word_1_102' title='bbox 1159 1750 1227 1806; x_wconf 91' lang='lat' dir='ltr'><strong>me,</strong></span> <span class='ocrx_word' id='word_1_103' title='bbox 1258 1736 1292 1791; x_wconf 86' lang='lat' dir='ltr'><strong>st</strong></span> 
     </span>
     <span class='ocr_line' id='line_1_15' title="bbox 305 1812 787 1893; baseline 0.01 -20"><span class='ocrx_word' id='word_1_104' title='bbox 305 1828 310 1831; x_wconf 88' lang='grc'><em>·</em></span> <span class='ocrx_word' id='word_1_105' title='bbox 363 1812 415 1873; x_wconf 90' lang='lat' dir='ltr'><strong>hie</strong></span> <span class='ocrx_word' id='word_1_106' title='bbox 434 1812 619 1893; x_wconf 79' lang='lat' dir='ltr'><strong>respondet:</strong></span> <span class='ocrx_word' id='word_1_107' title='bbox 643 1815 724 1875; x_wconf 81' lang='lat' dir='ltr'><strong>Amo</strong></span> <span class='ocrx_word' id='word_1_108' title='bbox 747 1820 787 1878; x_wconf 87' lang='lat' dir='ltr'><strong>te.</strong></span> 
     </span>
    </p>

    <p class='ocr_par' dir='ltr' id='par_1_6' title="bbox 290 1895 1295 2458">
     <span class='ocr_line' id='line_1_16' title="bbox 290 1895 1292 1975; baseline -0.002 -18"><span class='ocrx_word' id='word_1_109' title='bbox 290 1920 295 1931; x_wconf 91' lang='lat'>·</span> <span class='ocrx_word' id='word_1_110' title='bbox 448 1895 564 1957; x_wconf 87' lang='lat' dir='ltr'><strong>Omitto</strong></span> <span class='ocrx_word' id='word_1_111' title='bbox 588 1896 793 1974; x_wconf 82' lang='lat' dir='ltr'><strong>dioleotiosm,</strong></span> <span class='ocrx_word' id='word_1_112' title='bbox 815 1898 846 1957; x_wconf 92' lang='lat' dir='ltr'><strong>in</strong></span> <span class='ocrx_word' id='word_1_113' title='bbox 869 1896 1223 1975; x_wconf 79' lang='lat' dir='ltr'><strong>qno‘exeroitotissiinus</strong></span> <span class='ocrx_word' id='word_1_114' title='bbox 1247 1902 1292 1955; x_wconf 85' lang='lat' dir='ltr'><strong>est</strong></span> 
     </span>
     <span class='ocr_line' id='line_1_17' title="bbox 366 1966 1290 2057; baseline 0.001 -19"><span class='ocrx_word' id='word_1_115' title='bbox 366 1966 401 2039; x_wconf 86' lang='lat' dir='ltr'><strong>D.</strong></span> <span class='ocrx_word' id='word_1_116' title='bbox 414 1978 462 2057; x_wconf 78' lang='lat' dir='ltr'><strong>D,</strong></span> <span class='ocrx_word' id='word_1_117' title='bbox 479 1988 511 2039; x_wconf 91' lang='lat' dir='ltr'><strong>et</strong></span> <span class='ocrx_word' id='word_1_118' title='bbox 528 1981 777 2043; x_wconf 85' lang='lat' dir='ltr'><strong>ooninnotionem</strong></span> <span class='ocrx_word' id='word_1_119' title='bbox 791 1978 1044 2056; x_wconf 65' lang='lat' dir='ltr'><strong>conditionalem,</strong></span> <span class='ocrx_word' id='word_1_120' title='bbox 1056 1980 1091 2039; x_wconf 92' lang='lat' dir='ltr'><strong>si.</strong></span> <span class='ocrx_word' id='word_1_121' title='bbox 1107 1978 1226 2039; x_wconf 88' lang='lat' dir='ltr'><strong>Vellem</strong></span> <span class='ocrx_word' id='word_1_122' title='bbox 1240 1996 1290 2039; x_wconf 62' lang='lat' dir='ltr'><strong>nuh</strong></span> 
     </span>
     <span class='ocr_line' id='line_1_18' title="bbox 366 2061 1292 2142; baseline -0.001 -20"><span class='ocrx_word' id='word_1_123' title='bbox 366 2061 440 2140; x_wconf 87' lang='lat' dir='ltr'><strong>dire,</strong></span> <span class='ocrx_word' id='word_1_124' title='bbox 463 2063 537 2142; x_wconf 89' lang='lat' dir='ltr'><strong>quid</strong></span> <span class='ocrx_word' id='word_1_125' title='bbox 558 2063 676 2124; x_wconf 86' lang='lat' dir='ltr'><strong>dioeret</strong></span> <span class='ocrx_word' id='word_1_126' title='bbox 696 2063 735 2124; x_wconf 84' lang='lat' dir='ltr'><strong>sd</strong></span> <span class='ocrx_word' id='word_1_127' title='bbox 758 2062 944 2123; x_wconf 72' lang='lat' dir='ltr'><strong>decretalem</strong></span> <span class='ocrx_word' id='word_1_128' title='bbox 967 2061 1007 2125; x_wconf 89' lang='lat' dir='ltr'><strong>de</strong></span> <span class='ocrx_word' id='word_1_129' title='bbox 1024 2062 1113 2123; x_wconf 81' lang='lat' dir='ltr'><strong>eleot</strong></span> <span class='ocrx_word' id='word_1_130' title='bbox 1133 2080 1177 2121; x_wconf 81' lang='lat' dir='ltr'><strong>e:</strong></span> <span class='ocrx_word' id='word_1_131' title='bbox 1199 2062 1292 2142; x_wconf 87' lang='lat' dir='ltr'><strong>signi·</strong></span> 
     </span>
     <span class='ocr_line' id='line_1_19' title="bbox 366 2143 1294 2227; baseline 0 -23"><span class='ocrx_word' id='word_1_132' title='bbox 366 2143 486 2223; x_wconf 81' lang='lat' dir='ltr'><strong>linosti,</strong></span> <span class='ocrx_word' id='word_1_133' title='bbox 516 2146 568 2206; x_wconf 89' lang='lat' dir='ltr'><strong>ubi</strong></span> <span class='ocrx_word' id='word_1_134' title='bbox 594 2146 751 2208; x_wconf 83' lang='lat' dir='ltr'><strong>Posohnlis</strong></span> <span class='ocrx_word' id='word_1_135' title='bbox 784 2147 925 2227; x_wconf 76' lang='lat' dir='ltr'><strong>pontifex</strong></span> <span class='ocrx_word' id='word_1_136' title='bbox 954 2145 1115 2205; x_wconf 80' lang='lat' dir='ltr'><strong>manifeste</strong></span> <span class='ocrx_word' id='word_1_137' title='bbox 1140 2144 1216 2204; x_wconf 87' lang='lat' dir='ltr'><strong>dioit</strong></span> <span class='ocrx_word' id='word_1_138' title='bbox 1244 2144 1294 2205; x_wconf 90' lang='lat' dir='ltr'><strong>hie</strong></span> 
     </span>
     <span class='ocr_line' id='line_1_20' title="bbox 366 2228 1295 2307; baseline 0.001 -19"><span class='ocrx_word' id='word_1_139' title='bbox 366 2228 577 2289; x_wconf 85' lang='lat' dir='ltr'><strong>eonditionem</strong></span> <span class='ocrx_word' id='word_1_140' title='bbox 613 2249 700 2307; x_wconf 87' lang='lat' dir='ltr'><strong>esse,</strong></span> <span class='ocrx_word' id='word_1_141' title='bbox 728 2231 754 2289; x_wconf 89' lang='lat' dir='ltr'><strong>si</strong></span> <span class='ocrx_word' id='word_1_142' title='bbox 782 2229 891 2291; x_wconf 88' lang='lat' dir='ltr'><strong>ssltem</strong></span> <span class='ocrx_word' id='word_1_143' title='bbox 917 2229 1002 2291; x_wconf 84' lang='lat' dir='ltr'><strong>&#39;odeo</strong></span> <span class='ocrx_word' id='word_1_144' title='bbox 1034 2228 1117 2289; x_wconf 80' lang='lat' dir='ltr'><strong>velet</strong></span> <span class='ocrx_word' id='word_1_145' title='bbox 1146 2229 1295 2289; x_wconf 71' lang='lat' dir='ltr'><strong>autoritas</strong></span> 
     </span>
     <span class='ocr_line' id='line_1_21' title="bbox 366 2310 1293 2395; baseline 0 -24"><span class='ocrx_word' id='word_1_146' title='bbox 366 2311 456 2371; x_wconf 86' lang='lat' dir='ltr'><strong>Rom.</strong></span> <span class='ocrx_word' id='word_1_147' title='bbox 477 2311 647 2393; x_wconf 87' lang='lat' dir='ltr'><strong>Pontiliois,</strong></span> <span class='ocrx_word' id='word_1_148' title='bbox 669 2314 747 2373; x_wconf 88' lang='lat' dir='ltr'><strong>siout</strong></span> <span class='ocrx_word' id='word_1_149' title='bbox 757 2312 916 2394; x_wconf 82' lang='lat' dir='ltr'><strong>hueusque</strong></span> <span class='ocrx_word' id='word_1_150' title='bbox 931 2311 1101 2395; x_wconf 77' lang='lat' dir='ltr'><strong>contendit,</strong></span> <span class='ocrx_word' id='word_1_151' title='bbox 1123 2310 1196 2371; x_wconf 85' lang='lat' dir='ltr'><strong>dioit</strong></span> <span class='ocrx_word' id='word_1_152' title='bbox 1211 2312 1293 2371; x_wconf 88' lang='lat' dir='ltr'><strong>enim</strong></span> 
     </span>
     <span class='ocr_line' id='line_1_22' title="bbox 371 2395 1027 2458; baseline 0 -2"><span class='ocrx_word' id='word_1_153' title='bbox 371 2395 567 2458; x_wconf 71' lang='lat' dir='ltr'><strong>sd‘sensnm.</strong></span> <span class='ocrx_word' id='word_1_154' title='bbox 1025 2433 1027 2442; x_wconf 77' lang='lat'><em>=</em></span> 
     </span>
    </p>

    <p class='ocr_par' dir='ltr' id='par_1_7' title="bbox 363 2477 1295 3225">
     <span class='ocr_line' id='line_1_23' title="bbox 449 2477 1292 2559; baseline 0 -21"><span class='ocrx_word' id='word_1_155' title='bbox 449 2478 491 2540; x_wconf 83' lang='lat' dir='ltr'><strong>At</strong></span> <span class='ocrx_word' id='word_1_156' title='bbox 512 2481 664 2542; x_wconf 78' lang='lat' dir='ltr'><strong>rationem</strong></span> <span class='ocrx_word' id='word_1_157' title='bbox 686 2499 787 2540; x_wconf 86' lang='lat' dir='ltr'><strong>menm</strong></span> <span class='ocrx_word' id='word_1_158' title='bbox 811 2481 855 2540; x_wconf 88' lang='lat' dir='ltr'><strong>sie</strong></span> <span class='ocrx_word' id='word_1_159' title='bbox 877 2479 1066 2559; x_wconf 84' lang='lat' dir='ltr'><strong>eoniutsvit,</strong></span> <span class='ocrx_word' id='word_1_160' title='bbox 1089 2477 1171 2558; x_wconf 88' lang='lat' dir='ltr'><strong>qnod</strong></span> <span class='ocrx_word' id='word_1_161' title='bbox 1182 2478 1292 2540; x_wconf 84' lang='lat' dir='ltr'><strong>Petrus</strong></span> 
     </span>
     <span class='ocr_line' id='line_1_24' title="bbox 365 2561 1292 2643; baseline 0.003 -22"><span class='ocrx_word' id='word_1_162' title='bbox 365 2580 429 2622; x_wconf 91' lang='lat' dir='ltr'><strong>non</strong></span> <span class='ocrx_word' id='word_1_163' title='bbox 451 2581 560 2623; x_wconf 90' lang='lat' dir='ltr'><strong>omnes</strong></span> <span class='ocrx_word' id='word_1_164' title='bbox 581 2563 722 2643; x_wconf 77' lang='lat' dir='ltr'><strong>paverit,</strong></span> <span class='ocrx_word' id='word_1_165' title='bbox 753 2563 839 2642; x_wconf 78' lang='lat' dir='ltr'><strong>qnia,</strong></span> <span class='ocrx_word' id='word_1_166' title='bbox 862 2563 979 2640; x_wconf 85' lang='lat' dir='ltr'><strong>inquit,</strong></span> <span class='ocrx_word' id='word_1_167' title='bbox 1003 2561 1085 2642; x_wconf 90' lang='lat' dir='ltr'><strong>qnod</strong></span> <span class='ocrx_word' id='word_1_168' title='bbox 1108 2567 1215 2622; x_wconf 83' lang='lat' dir='ltr'><strong>nostro</strong></span> <span class='ocrx_word' id='word_1_169' title='bbox 1239 2581 1292 2624; x_wconf 89' lang='lat' dir='ltr'><strong>no-</strong></span> 
     </span>
     <span class='ocr_line' id='line_1_25' title="bbox 365 2644 1292 2727; baseline 0.002 -24"><span class='ocrx_word' id='word_1_170' title='bbox 365 2645 447 2716; x_wconf 84' lang='lat' dir='ltr'><strong>mine</strong></span> <span class='ocrx_word' id='word_1_171' title='bbox 469 2648 578 2727; x_wconf 78' lang='lat' dir='ltr'><strong>egitur,</strong></span> <span class='ocrx_word' id='word_1_172' title='bbox 600 2655 631 2708; x_wconf 88' lang='lat' dir='ltr'><strong>et</strong></span> <span class='ocrx_word' id='word_1_173' title='bbox 653 2665 711 2707; x_wconf 88' lang='lat' dir='ltr'><strong>nos</strong></span> <span class='ocrx_word' id='word_1_174' title='bbox 732 2646 845 2706; x_wconf 83' lang='lat' dir='ltr'><strong>feoisse</strong></span> <span class='ocrx_word' id='word_1_175' title='bbox 860 2646 1000 2706; x_wconf 87' lang='lat' dir='ltr'><strong>dioimnr.</strong></span> <span class='ocrx_word' id='word_1_176' title='bbox 1021 2644 1207 2724; x_wconf 72' lang='lat' dir='ltr'><strong>Quanquam</strong></span> <span class='ocrx_word' id='word_1_177' title='bbox 1229 2665 1292 2716; x_wconf 78' lang='lat' dir='ltr'><strong>non</strong></span> 
     </span>
     <span class='ocr_line' id='line_1_26' title="bbox 363 2727 1294 2809; baseline 0 -21"><span class='ocrx_word' id='word_1_178' title='bbox 363 2727 479 2804; x_wconf 87' lang='lat' dir='ltr'><strong>oredo,</strong></span> <span class='ocrx_word' id='word_1_179' title='bbox 512 2749 569 2809; x_wconf 84' lang='lat' dir='ltr'><strong>per</strong></span> <span class='ocrx_word' id='word_1_180' title='bbox 589 2730 650 2791; x_wconf 90' lang='lat' dir='ltr'><strong>hoo</strong></span> <span class='ocrx_word' id='word_1_181' title='bbox 670 2730 707 2793; x_wconf 88' lang='lat' dir='ltr'><strong>D.</strong></span> <span class='ocrx_word' id='word_1_182' title='bbox 730 2729 767 2790; x_wconf 89' lang='lat' dir='ltr'><strong>D.</strong></span> <span class='ocrx_word' id='word_1_183' title='bbox 797 2730 933 2790; x_wconf 83' lang='lat' dir='ltr'><strong>voluisse</strong></span> <span class='ocrx_word' id='word_1_184' title='bbox 962 2729 1150 2790; x_wconf 83' lang='lat' dir='ltr'><strong>sstisiootnm</strong></span> <span class='ocrx_word' id='word_1_185' title='bbox 1182 2731 1294 2792; x_wconf 77' lang='lat' dir='ltr'><strong>rationi</strong></span> 
     </span>
     <span class='ocr_line' id='line_1_27' title="bbox 366 2811 1294 2892; baseline 0.001 -21"><span class='ocrx_word' id='word_1_186' title='bbox 366 2830 465 2887; x_wconf 84' lang='lat' dir='ltr'><strong>mene,</strong></span> <span class='ocrx_word' id='word_1_187' title='bbox 487 2812 559 2872; x_wconf 90' lang='lat' dir='ltr'><strong>dnm</strong></span> <span class='ocrx_word' id='word_1_188' title='bbox 581 2813 683 2881; x_wconf 78' lang='lat' dir='ltr'><strong>dioere</strong></span> <span class='ocrx_word' id='word_1_189' title='bbox 702 2832 766 2873; x_wconf 90' lang='lat' dir='ltr'><strong>non</strong></span> <span class='ocrx_word' id='word_1_190' title='bbox 789 2814 897 2892; x_wconf 89' lang='lat' dir='ltr'><strong>possit,</strong></span> <span class='ocrx_word' id='word_1_191' title='bbox 919 2812 1045 2872; x_wconf 84' lang='lat' dir='ltr'><strong>Poulum</strong></span> <span class='ocrx_word' id='word_1_192' title='bbox 1068 2813 1194 2874; x_wconf 90' lang='lat' dir='ltr'><strong>nomine</strong></span> <span class='ocrx_word' id='word_1_193' title='bbox 1210 2811 1294 2890; x_wconf 82' lang='lat' dir='ltr'><strong>Petri</strong></span> 
     </span>
     <span class='ocr_line' id='line_1_28' title="bbox 366 2893 1292 2975; baseline 0.001 -19"><span class='ocrx_word' id='word_1_194' title='bbox 366 2893 579 2974; x_wconf 79' lang='lat' dir='ltr'><strong>proediossse,</strong></span> <span class='ocrx_word' id='word_1_195' title='bbox 607 2898 658 2975; x_wconf 90' lang='lat' dir='ltr'><strong>qui</strong></span> <span class='ocrx_word' id='word_1_196' title='bbox 686 2902 795 2956; x_wconf 85' lang='lat' dir='ltr'><strong>eontra</strong></span> <span class='ocrx_word' id='word_1_197' title='bbox 830 2895 869 2956; x_wconf 83' lang='lat' dir='ltr'><strong>ad</strong></span> <span class='ocrx_word' id='word_1_198' title='bbox 892 2893 1021 2957; x_wconf 79' lang='lat' dir='ltr'><strong>Romen.</strong></span> <span class='ocrx_word' id='word_1_199' title='bbox 1045 2899 1073 2958; x_wconf 89' lang='lat' dir='ltr'><strong>l.</strong></span> <span class='ocrx_word' id='word_1_200' title='bbox 1114 2893 1292 2975; x_wconf 79' lang='lat' dir='ltr'><strong>apostolom</strong></span> 
     </span>
     <span class='ocr_line' id='line_1_29' title="bbox 366 2977 1295 3059; baseline 0.001 -21"><span class='ocrx_word' id='word_1_201' title='bbox 366 2997 401 3038; x_wconf 84' lang='lat' dir='ltr'><strong>se</strong></span> <span class='ocrx_word' id='word_1_202' title='bbox 422 2977 518 3056; x_wconf 87' lang='lat' dir='ltr'><strong>dieit,</strong></span> <span class='ocrx_word' id='word_1_203' title='bbox 540 2999 596 3059; x_wconf 84' lang='lat' dir='ltr'><strong>pro</strong></span> <span class='ocrx_word' id='word_1_204' title='bbox 618 2980 746 3040; x_wconf 90' lang='lat' dir='ltr'><strong>nomine</strong></span> <span class='ocrx_word' id='word_1_205' title='bbox 766 2978 895 3057; x_wconf 76' lang='lat' dir='ltr'><strong>Christi,</strong></span> <span class='ocrx_word' id='word_1_206' title='bbox 918 2978 1001 3057; x_wconf 91' lang='lat' dir='ltr'><strong>qnod</strong></span> <span class='ocrx_word' id='word_1_207' title='bbox 1024 2996 1124 3039; x_wconf 86' lang='lat' dir='ltr'><strong>exeo</strong></span> <span class='ocrx_word' id='word_1_208' title='bbox 1147 2979 1295 3056; x_wconf 87' lang='lat' dir='ltr'><strong>eoniioio,</strong></span> 
     </span>
     <span class='ocr_line' id='line_1_30' title="bbox 366 3060 1295 3142; baseline 0.003 -22"><span class='ocrx_word' id='word_1_209' title='bbox 366 3062 439 3139; x_wconf 86' lang='lat' dir='ltr'><strong>quis</strong></span> <span class='ocrx_word' id='word_1_210' title='bbox 459 3060 533 3123; x_wconf 81' lang='lat' dir='ltr'><strong>dicit</strong></span> <span class='ocrx_word' id='word_1_211' title='bbox 554 3063 694 3141; x_wconf 79' lang='lat' dir='ltr'><strong>Petnnm,</strong></span> <span class='ocrx_word' id='word_1_212' title='bbox 715 3067 823 3122; x_wconf 84' lang='lat' dir='ltr'><strong>nntoro</strong></span> <span class='ocrx_word' id='word_1_213' title='bbox 847 3061 1023 3136; x_wconf 74' lang='lat' dir='ltr'><strong>Clemente,</strong></span> <span class='ocrx_word' id='word_1_214' title='bbox 1047 3060 1208 3122; x_wconf 78' lang='lat' dir='ltr'><strong>ordinasse</strong></span> <span class='ocrx_word' id='word_1_215' title='bbox 1232 3063 1295 3142; x_wconf 86' lang='lat' dir='ltr'><strong>epi·</strong></span> 
     </span>
     <span class='ocr_line' id='line_1_31' title="bbox 366 3143 1294 3225; baseline 0.001 -22"><span class='ocrx_word' id='word_1_216' title='bbox 366 3161 493 3224; x_wconf 85' lang='lat' dir='ltr'><strong>seopos,</strong></span> <span class='ocrx_word' id='word_1_217' title='bbox 515 3145 725 3225; x_wconf 83' lang='lat' dir='ltr'><strong>presbyteros,</strong></span> <span class='ocrx_word' id='word_1_218' title='bbox 747 3145 908 3222; x_wconf 86' lang='lat' dir='ltr'><strong>disoonos,</strong></span> <span class='ocrx_word' id='word_1_219' title='bbox 931 3146 980 3224; x_wconf 89' lang='lat' dir='ltr'><strong>qni</strong></span> <span class='ocrx_word' id='word_1_220' title='bbox 1003 3164 1059 3223; x_wconf 85' lang='lat' dir='ltr'><strong>per</strong></span> <span class='ocrx_word' id='word_1_221' title='bbox 1072 3150 1171 3205; x_wconf 86' lang='lat' dir='ltr'><strong>totum</strong></span> <span class='ocrx_word' id='word_1_222' title='bbox 1184 3143 1294 3206; x_wconf 84' lang='lat' dir='ltr'><strong>orbem</strong></span> 
     </span>
    </p>
   </div>
   <div class='ocr_carea' id='block_1_5' title="bbox 251 3226 1293 3307">
    <p class='ocr_par' dir='ltr' id='par_1_8' title="bbox 251 3226 1293 3307">
     <span class='ocr_line' id='line_1_32' title="bbox 251 3226 1293 3307; baseline 0.002 -21"><span class='ocrx_word' id='word_1_223' title='bbox 251 3229 261 3240; x_wconf 89' lang='lat'>&#39;</span> <span class='ocrx_word' id='word_1_224' title='bbox 367 3226 783 3307; x_wconf 70' lang='lat' dir='ltr'><strong>evangelium&#39;seminsrsnt,</strong></span> <span class='ocrx_word' id='word_1_225' title='bbox 805 3229 886 3289; x_wconf 82' lang='lat' dir='ltr'><strong>inter</strong></span> <span class='ocrx_word' id='word_1_226' title='bbox 908 3245 986 3307; x_wconf 83' lang='lat' dir='ltr'><strong>quon</strong></span> <span class='ocrx_word' id='word_1_227' title='bbox 1003 3227 1129 3288; x_wconf 74' lang='lat' dir='ltr'><strong>Paulum</strong></span> <span class='ocrx_word' id='word_1_228' title='bbox 1153 3245 1215 3288; x_wconf 90' lang='lat' dir='ltr'><strong>non</strong></span> <span class='ocrx_word' id='word_1_229' title='bbox 1239 3248 1293 3288; x_wconf 89' lang='lat' dir='ltr'><strong>nu·</strong></span> 
     </span>
    </p>
   </div>
   <div class='ocr_carea' id='block_1_6' title="bbox 369 3320 1294 3472">
    <p class='ocr_par' dir='ltr' id='par_1_9' title="bbox 369 3320 1294 3472">
     <span class='ocr_line' id='line_1_33' title="bbox 369 3320 1294 3472; baseline 0 -18"><span class='ocrx_word' id='word_1_230' title='bbox 369 3320 513 3454; x_wconf 65' lang='lat' dir='ltr'><strong>meraCed</strong></span> <span class='ocrx_word' id='word_1_231' title='bbox 544 3395 605 3454; x_wconf 88' lang='lat' dir='ltr'><strong>hoo</strong></span> <span class='ocrx_word' id='word_1_232' title='bbox 633 3393 752 3454; x_wconf 81' lang='lat' dir='ltr'><strong>videtur</strong></span> <span class='ocrx_word' id='word_1_233' title='bbox 779 3393 818 3453; x_wconf 81' lang='lat' dir='ltr'><strong>ed</strong></span> <span class='ocrx_word' id='word_1_234' title='bbox 840 3413 905 3455; x_wconf 87' lang='lat' dir='ltr'><strong>rem</strong></span> <span class='ocrx_word' id='word_1_235' title='bbox 928 3394 1045 3472; x_wconf 78' lang='lat' dir='ltr'><strong>faeere,</strong></span> <span class='ocrx_word' id='word_1_236' title='bbox 1076 3392 1159 3472; x_wconf 85' lang='lat' dir='ltr'><strong>qnod</strong></span> <span class='ocrx_word' id='word_1_237' title='bbox 1181 3394 1294 3454; x_wconf 77' lang='lat' dir='ltr'><strong>missos</strong></span> 
     </span>
    </p>
   </div>
   <div class='ocr_carea' id='block_1_7' title="bbox 271 3476 1295 3557">
    <p class='ocr_par' dir='ltr' id='par_1_10' title="bbox 271 3476 1295 3557">
     <span class='ocr_line' id='line_1_34' title="bbox 271 3476 1295 3557; baseline 0.002 -23"><span class='ocrx_word' id='word_1_238' title='bbox 271 3486 275 3501; x_wconf 90' lang='grc'><em>·</em></span> <span class='ocrx_word' id='word_1_239' title='bbox 366 3494 387 3534; x_wconf 80' lang='lat' dir='ltr'><strong>o</strong></span> <span class='ocrx_word' id='word_1_240' title='bbox 407 3476 570 3557; x_wconf 79' lang='lat' dir='ltr'><strong>prineipnli</strong></span> <span class='ocrx_word' id='word_1_241' title='bbox 592 3496 656 3538; x_wconf 88' lang='lat' dir='ltr'><strong>non</strong></span> <span class='ocrx_word' id='word_1_242' title='bbox 678 3478 800 3556; x_wconf 89' lang='lat' dir='ltr'><strong>nogitnr</strong></span> <span class='ocrx_word' id='word_1_243' title='bbox 823 3478 899 3538; x_wconf 90' lang='lat' dir='ltr'><strong>mitti</strong></span> <span class='ocrx_word' id='word_1_244' title='bbox 922 3476 960 3538; x_wconf 83' lang='lat' dir='ltr'><strong>sb</strong></span> <span class='ocrx_word' id='word_1_245' title='bbox 975 3477 1071 3556; x_wconf 74' lang='lat' dir='ltr'><strong>ipsios</strong></span> <span class='ocrx_word' id='word_1_246' title='bbox 1083 3476 1211 3554; x_wconf 81' lang='lat' dir='ltr'><strong>vioerio,</strong></span> <span class='ocrx_word' id='word_1_247' title='bbox 1234 3477 1295 3538; x_wconf 91' lang='lat' dir='ltr'><strong>hoo</strong></span> 
     </span>
    </p>
   </div>
   <div class='ocr_carea' id='block_1_8' title="bbox 367 3557 1294 3956">
    <p class='ocr_par' dir='ltr' id='par_1_11' title="bbox 367 3557 1294 3956">
     <span class='ocr_line' id='line_1_35' title="bbox 367 3557 1294 3641; baseline 0.001 -22"><span class='ocrx_word' id='word_1_248' title='bbox 367 3557 517 3639; x_wconf 74' lang='lat' dir='ltr'><strong>admitto,</strong></span> <span class='ocrx_word' id='word_1_249' title='bbox 547 3560 683 3621; x_wconf 79' lang='lat' dir='ltr'><strong>siluerit</strong></span> <span class='ocrx_word' id='word_1_250' title='bbox 711 3561 842 3640; x_wconf 81' lang='lat' dir='ltr'><strong>primum</strong></span> <span class='ocrx_word' id='word_1_251' title='bbox 864 3559 1045 3641; x_wconf 73' lang='lat' dir='ltr'><strong>probatum,</strong></span> <span class='ocrx_word' id='word_1_252' title='bbox 1073 3560 1196 3621; x_wconf 84' lang='lat' dir='ltr'><strong>Petrum</strong></span> <span class='ocrx_word' id='word_1_253' title='bbox 1223 3579 1294 3620; x_wconf 90' lang='lat' dir='ltr'><strong>esse</strong></span> 
     </span>
     <span class='ocr_line' id='line_1_36' title="bbox 370 3643 1294 3706; baseline 0.004 -6"><span class='ocrx_word' id='word_1_254' title='bbox 370 3643 525 3706; x_wconf 80' lang='lat' dir='ltr'><strong>viosrinm.</strong></span> <span class='ocrx_word' id='word_1_255' title='bbox 568 3643 658 3703; x_wconf 86' lang='lat' dir='ltr'><strong>Nune</strong></span> <span class='ocrx_word' id='word_1_256' title='bbox 688 3663 760 3704; x_wconf 87' lang='lat' dir='ltr'><strong>vero</strong></span> <span class='ocrx_word' id='word_1_257' title='bbox 789 3662 853 3704; x_wconf 90' lang='lat' dir='ltr'><strong>non</strong></span> <span class='ocrx_word' id='word_1_258' title='bbox 875 3644 974 3704; x_wconf 90' lang='lat' dir='ltr'><strong>minus</strong></span> <span class='ocrx_word' id='word_1_259' title='bbox 996 3643 1109 3704; x_wconf 85' lang='lat' dir='ltr'><strong>Pnnlus</strong></span> <span class='ocrx_word' id='word_1_260' title='bbox 1142 3649 1191 3704; x_wconf 88' lang='lat' dir='ltr'><strong>est</strong></span> <span class='ocrx_word' id='word_1_261' title='bbox 1213 3644 1294 3704; x_wconf 79' lang='lat' dir='ltr'><strong>vion-</strong></span> 
     </span>
     <span class='ocr_line' id='line_1_37' title="bbox 368 3725 1293 3806; baseline 0.004 -22"><span class='ocrx_word' id='word_1_262' title='bbox 368 3726 440 3804; x_wconf 84' lang='lat' dir='ltr'><strong>n&#39;ns,</strong></span> <span class='ocrx_word' id='word_1_263' title='bbox 464 3746 555 3806; x_wconf 84' lang='lat' dir='ltr'><strong>quom</strong></span> <span class='ocrx_word' id='word_1_264' title='bbox 571 3727 687 3803; x_wconf 88' lang='lat' dir='ltr'><strong>Petrus,</strong></span> <span class='ocrx_word' id='word_1_265' title='bbox 710 3727 825 3787; x_wconf 85' lang='lat' dir='ltr'><strong>utinm</strong></span> <span class='ocrx_word' id='word_1_266' title='bbox 848 3725 962 3788; x_wconf 83' lang='lat' dir='ltr'><strong>dietum</strong></span> <span class='ocrx_word' id='word_1_267' title='bbox 985 3733 1042 3806; x_wconf 87' lang='lat' dir='ltr'><strong>est,</strong></span> <span class='ocrx_word' id='word_1_268' title='bbox 1065 3725 1148 3806; x_wconf 88' lang='lat' dir='ltr'><strong>quod</strong></span> <span class='ocrx_word' id='word_1_269' title='bbox 1162 3727 1293 3788; x_wconf 83' lang='lat' dir='ltr'><strong>nomine</strong></span> 
     </span>
     <span class='ocr_line' id='line_1_38' title="bbox 368 3807 1294 3891; baseline 0.002 -22"><span class='ocrx_word' id='word_1_270' title='bbox 368 3807 481 3870; x_wconf 84' lang='lat' dir='ltr'><strong>Christi</strong></span> <span class='ocrx_word' id='word_1_271' title='bbox 504 3811 544 3870; x_wconf 87' lang='lat' dir='ltr'><strong>sit</strong></span> <span class='ocrx_word' id='word_1_272' title='bbox 564 3811 745 3890; x_wconf 82' lang='lat' dir='ltr'><strong>spostolus,</strong></span> <span class='ocrx_word' id='word_1_273' title='bbox 774 3817 805 3870; x_wconf 89' lang='lat' dir='ltr'><strong>et</strong></span> <span class='ocrx_word' id='word_1_274' title='bbox 832 3811 877 3870; x_wconf 89' lang='lat' dir='ltr'><strong>sio</strong></span> <span class='ocrx_word' id='word_1_275' title='bbox 899 3816 946 3872; x_wconf 91' lang='lat' dir='ltr'><strong>tot</strong></span> <span class='ocrx_word' id='word_1_276' title='bbox 967 3811 1089 3888; x_wconf 82' lang='lat' dir='ltr'><strong>vinorii,</strong></span> <span class='ocrx_word' id='word_1_277' title='bbox 1121 3816 1199 3888; x_wconf 84' lang='lat' dir='ltr'><strong>quot</strong></span> <span class='ocrx_word' id='word_1_278' title='bbox 1219 3829 1294 3891; x_wconf 74' lang='lat' dir='ltr'><strong>spo-</strong></span> 
     </span>
     <span class='ocr_line' id='line_1_39' title="bbox 368 3892 448 3956; baseline 0.063 -5"><span class='ocrx_word' id='word_1_279' title='bbox 368 3892 448 3956; x_wconf 85' lang='lat' dir='ltr'><strong>stoli.</strong></span> 
     </span>
    </p>
   </div>
   <div class='ocr_carea' id='block_1_9' title="bbox 405 4049 1210 4121">
    <p class='ocr_par' dir='ltr' id='par_1_12' title="bbox 405 4049 1210 4121">
     <span class='ocr_line' id='line_1_40' title="bbox 405 4049 1210 4121; baseline 0 -17"><span class='ocrx_word' id='word_1_280' title='bbox 405 4052 434 4119; x_wconf 88' lang='lat' dir='ltr'><strong>t)</strong></span> <span class='ocrx_word' id='word_1_281' title='bbox 455 4049 487 4104; x_wconf 89' lang='lat' dir='ltr'><strong>ln</strong></span> <span class='ocrx_word' id='word_1_282' title='bbox 505 4050 549 4111; x_wconf 80' lang='lat' dir='ltr'><strong>sd,</strong></span> <span class='ocrx_word' id='word_1_283' title='bbox 569 4052 654 4121; x_wconf 53' lang='lat' dir='ltr'><strong>origo</strong></span> <span class='ocrx_word' id='word_1_284' title='bbox 677 4053 716 4106; x_wconf 82' lang='lat' dir='ltr'><strong>sio</strong></span> <span class='ocrx_word' id='word_1_285' title='bbox 735 4051 830 4105; x_wconf 75' lang='lat' dir='ltr'><strong>Petrus</strong></span> <span class='ocrx_word' id='word_1_286' title='bbox 848 4051 950 4120; x_wconf 77' lang='lat' dir='ltr'><strong>sooipit</strong></span> <span class='ocrx_word' id='word_1_287' title='bbox 968 4049 1017 4104; x_wconf 85' lang='lat' dir='ltr'><strong>nit.</strong></span> <span class='ocrx_word' id='word_1_288' title='bbox 1033 4050 1141 4104; x_wconf 83' lang='lat' dir='ltr'><strong>Pssoits</strong></span> <span class='ocrx_word' id='word_1_289' title='bbox 1159 4055 1210 4106; x_wconf 83' lang='lat' dir='ltr'><strong>ste.</strong></span> 
     </span>
    </p>
   </div>
   <div class='ocr_carea' id='block_1_10' title="bbox 485 4259 490 4291">
    <p class='ocr_par' dir='ltr' id='par_1_13' title="bbox 485 4259 490 4291">
     <span class='ocr_line' id='line_1_41' title="bbox 485 4259 490 4291; baseline 0 0"><span class='ocrx_word' id='word_1_290' title='bbox 485 4259 490 4291; x_wconf 90' lang='lat' dir='ltr'><strong>l</strong></span> 
     </span>
    </p>
   </div>
   <div class='ocr_carea' id='block_1_11' title="bbox 0 0 1547 4775">
    <p class='ocr_par' dir='ltr' id='par_1_14' title="bbox 0 0 1547 4775">
     <span class='ocr_line' id='line_1_42' title="bbox 0 0 1547 4775; baseline 0 0"><span class='ocrx_word' id='word_1_291' title='bbox 0 0 1547 4775; x_wconf 95' lang='lat' dir='ltr'><strong> </strong></span> 
     </span>
    </p>
   </div>
  </div>
 </body>
</html>
