3075 4775
508 489 543 544 da
563 488 746 545 &manto
763 491 905 581 baptismi.
1060 555 1063 567 ⁸
1116 489 1180 570 401

252 676 358 754 dotea,
392 674 505 755 quibua
525 674 577 735 inti
599 694 656 736 auo
678 675 833 757 baptismo
854 677 1080 739 autisiaoerant.
1122 678 1181 740 last

252 767 359 819 autem
382 759 553 838 baptismus
575 777 637 818 una
657 778 727 819 eum
750 778 806 837 eo,
834 759 918 838 quod
939 759 1108 842 signifieat,
1130 781 1182 843 ge

253 843 370 903 uenalia
393 841 545 922 quaedam
566 842 676 922 regula
687 844 848 923 proposita
870 844 1024 920 omnibus,
1045 854 1077 903 ut
1091 863 1181 905 unua

253 929 385 1006 quiaque
413 944 482 984 eam
515 925 666 984 rationem
689 923 821 1006 deligat,
856 947 947 1006 quam
975 925 1033 987 sibi
1061 945 1182 1007 auoque

254 1011 337 1070 ritae
362 1009 471 1088 generi
493 1009 627 1068 maxime
641 1011 810 1070 convenire
832 1017 928 1091 putat,
951 1010 1181 1090 qnabaptismo

254 1090 397 1170 mundat,
419 1091 482 1151 hoe
492 1099 549 1169 eat,
571 1110 632 1171 qna
642 1091 864 1152 mortificentur
878 1105 1019 1173 peeuata,
1042 1101 1073 1153 et
1093 1111 1181 1173 prae

254 1183 403 1255 parentur
430 1176 524 1234 animi
553 1174 593 1234 ad
622 1181 753 1234 mortem
783 1178 911 1254 aequius
936 1175 1111 1252 ferendam,
1144 1195 1183 1236 aa
1264 1173 1268 1178 ’

254 1260 325 1319 leve
346 1276 386 1316 ae
407 1277 503 1317 suave
522 1256 578 1318 flat
598 1276 677 1318 onus
695 1258 819 1333 Christi,
841 1279 942 1338 neque
965 1277 1024 1318 noa
1045 1258 1084 1318 ad
1105 1259 1180 1318 illud

254 1344 454 1417 reaiatamua,
474 1347 529 1400 aut
547 1341 759 1420 impatientius
782 1341 814 1401 id
835 1342 978 1402 ieramus.
1021 1341 1108 1402 Siout
1128 1341 1181 1402 fla·

256 1423 465 1485 iomoudieit:
486 1424 661 1504 luaipieutia
674 1442 771 1504 opera
791 1427 969 1485 excruciant
989 1443 1070 1502 eum,
1091 1443 1182 1504 prop-

256 1517 342 1568 terea
377 1504 461 1585 quod
494 1507 576 1566 viam
603 1506 643 1566 ad
672 1509 827 1568 civitatem
858 1509 988 1568 neseiat
1030 1506 1182 1582 Quemad-

256 1591 385 1651 modum
418 1591 518 1664 enim,
544 1591 571 1648 ai
602 1591 653 1668 qui
680 1590 720 1650 ad
748 1591 854 1650 urbem
886 1592 1021 1670 aliquam
1043 1588 1183 1665 tendunt,

256 1693 326 1733 eum
348 1692 370 1731 a
390 1673 442 1732 via
461 1672 615 1749 aberrant,
637 1672 759 1746 dotent,
780 1675 825 1733 ita
845 1674 892 1733 hia
914 1691 1039 1754 quoque
1061 1674 1183 1746 aoeidit,

256 1758 307 1836 qui
329 1773 400 1815 eum
429 1773 487 1834 per
516 1761 615 1815 totam
637 1757 731 1816 vitam
753 1757 856 1816 multia
878 1775 916 1815 aa
937 1757 1030 1816 variis
1052 1775 1087 1816 ae
1109 1775 1182 1836 ope

259 1839 341 1899 ribus
354 1837 562 1918 defatigarint,
574 1839 689 1898 nullum
702 1846 806 1899 tamen
823 1838 896 1898 inde
906 1841 1032 1919 eupiunt
1043 1839 1184 1898 fructum.

340 1921 474 1982 Deaimo
496 1929 628 1998 octavo,
660 1923 721 1982 huo
749 1940 873 2000 quoque
906 1923 1062 2000 pertinent
1089 1929 1183 1981 notae

257 2005 330 2065 illae
353 2005 569 2084 quaestiones,
592 2023 630 2064 an
653 2005 822 2083 baptismus
845 2011 876 2064 et
897 2011 1023 2080 votum,
1046 2003 1182 2082 quadiu
1206 2031 1212 2038 ·

258 2088 413 2167 baptismo
433 2089 585 2167 vovimus,
608 2090 726 2148 maiora
746 2089 810 2147 aiut
828 2089 919 2165 votis,
942 2087 1053 2166 quibua
1074 2105 1110 2147 ae
1130 2086 1183 2147 oo

255 2173 411 2250 stringunt
431 2170 573 2231 homines
602 2170 643 2229 ad
665 2171 856 2248 uastitatem,
891 2170 930 2230 ad
954 2170 1184 2248 monachatum,

256 2253 295 2314 ad
318 2252 458 2314 ordinem
482 2251 695 2331 sacerdotum,
727 2273 797 2312 enm
826 2261 930 2314 tamen
952 2253 1123 2334 baptismus
1145 2253 1186 2313 ait

258 2337 431 2399 eommunia
468 2336 610 2397 omnibus
645 2336 847 2410 Christiania,
887 2345 919 2399 et
955 2336 1183 2419 Religiosornm

260 2430 334 2482 vota
355 2419 511 2547 ainvgniare
531 2440 570 2481 ao
591 2421 689 2479 maius
710 2420 856 2499 quiddam
880 2440 956 2500 prae
985 2438 1020 2480 ae
1041 2420 1121 2480 ferra
1142 2421 1185 2479 vi·

260 2504 406 2564 deantur.
432 2504 439 2508 ’

154 2582 158 2610 ‘
345 2586 380 2646 si
401 2586 469 2664 quia
490 2587 583 2665 igitur
603 2605 651 2662 ea,
673 2604 753 2664 quae
775 2604 867 2665 supra
889 2584 1036 2661 diximus,
1059 2584 1112 2644 dili
1155 2604 1187 2643 u·

261 2680 308 2731 ter
328 2669 425 2749 legit,
455 2669 535 2727 isin
557 2677 701 2748 promptu
723 2668 865 2742 habebit,
895 2667 967 2747 quid
990 2678 1103 2747 respon
1127 2673 1188 2729 eat.

260 2753 342 2814 Nam
372 2752 405 2810 in
439 2750 593 2831 baptiamo
621 2772 715 2811 unum
743 2759 776 2811 et
797 2752 878 2811 idem
908 2751 1044 2812 omnium
1065 2754 1113 2809 eat
1134 2766 1187 2810 vo·

261 2843 338 2911 tum,
360 2842 478 2894 vovent
499 2836 581 2894 enirn
603 2854 712 2895 omues
737 2834 791 2913 iili,
814 2836 865 2913 qui
879 2834 1081 2913 baptizantur,
1102 2830 1185 2911 quod

260 2920 359 2979 veiint
381 2915 566 2977 mortificare
588 2925 733 2998 pennata,
763 2924 796 2977 et
816 2917 1000 2977 sanctificari
1022 2935 1078 2995 per
1098 2916 1187 2974 miae-

261 3000 429 3063 riaordiam
450 3000 524 3077 Dei,
558 3002 607 3059 eui
637 3020 671 3060 ae
692 3000 818 3059 tradunt
844 3010 876 3060 et
897 2999 1044 3065 offerunt,
1066 3018 1122 3057 eeu
1143 2997 1187 3055 lu·

263 3096 328 3145 tum
350 3082 458 3163 figulo,
480 3102 582 3162 neque
603 3084 653 3142 hie
677 3086 838 3161 quiequam
861 3084 949 3142 atteri
970 3088 1115 3161 praestat,
1132 3079 1187 3139 aed

263 3168 404 3230 omnium
426 3166 534 3225 eadem
557 3172 606 3227 eat
626 3166 774 3225 conditio.

347 3249 440 3309 Ratio
468 3256 588 3326 autem,
622 3268 684 3326 qua
710 3248 841 3308 satisfiat
870 3248 1045 3327 baptismo,
1076 3253 1190 3324 etqua

265 3330 486 3395 mortificemus
508 3337 652 3412 peceato,
679 3331 733 3391 illa
757 3351 819 3391 uon
843 3332 958 3410 poterit
978 3348 1048 3389 esse
1069 3326 1190 3388 eadem.

266 3418 371 3493 Quare
390 3416 453 3474 iarn
481 3422 574 3475 antea
604 3415 725 3488 monui,
758 3415 942 3492 utquisque
964 3412 1128 3491 diligenter
1150 3411 1191 3469 vi·

267 3500 356 3572 deut,
379 3516 531 3577 quaenam
559 3500 639 3558 ratio
662 3495 867 3557 mortifioandi
895 3503 1026 3575 pennata
1046 3501 1079 3553 et
1097 3495 1191 3573 repri-

245 3581 400 3643 mendae
422 3582 523 3641 oaruia
557 3581 614 3641 eibi
645 3581 779 3639 mamma
801 3580 982 3653 conveniat,
1013 3576 1096 3656 quod
1116 3578 1191 3636 item

266 3660 351 3726 vitae
373 3682 480 3745 genna.
525 3663 638 3723 Verum
659 3664 752 3743 igitur
774 3662 835 3721 hoo
856 3669 918 3737 est,
951 3660 1067 3720 nntium
1090 3676 1192 3737 neque

268 3749 403 3830 gravius,
424 3765 526 3824 neque
547 3747 666 3821 melius,
689 3764 790 3823 neque
813 3746 904 3804 etiam
927 3745 1026 3803 maius
1048 3760 1118 3801 ease
1140 3759 1191 3801 vo·

268 3840 352 3910 tum,
384 3848 475 3909 quam
503 3828 656 3909 baptismi.
700 3827 781 3902 Quid
811 3828 892 3889 anim
921 3826 1053 3905 amplius
1075 3840 1192 3902 quaeso

268 3931 386 3976 vovere
404 3913 540 3992 poteria,
574 3930 666 3989 quam
698 3908 783 3990 quod
814 3908 891 3970 velia
918 3906 1102 3969 mortifiaare
1124 3922 1193 3983 pao

270 4004 350 4078 eata,
371 3996 462 4074 mori,
483 3992 565 4055 hane
585 3996 679 4055 vitam
702 3992 816 4070 odiose,
839 3989 1044 4053 aauotifioari?
