<?xml version="1.0" encoding="UTF-8"?>
<!DOCTYPE html PUBLIC "-//W3C//DTD XHTML 1.0 Transitional//EN"
    "http://www.w3.org/TR/xhtml1/DTD/xhtml1-transitional.dtd">
<html xmlns="http://www.w3.org/1999/xhtml" xml:lang="en" lang="en">
 <head>
  <title>
</title>
<meta http-equiv="Content-Type" content="text/html;charset=utf-8" />
  <meta name='ocr-system' content='tesseract 3.04.00' />
  <meta name='ocr-capabilities' content='ocr_page ocr_carea ocr_par ocr_line ocrx_word'/>
</head>
<body>
  <div class='ocr_page' id='page_1' title='image "./operalatinavari02schmgoog_0036.png"; bbox 0 0 3075 4775; ppageno 0'>
   <div class='ocr_carea' id='block_1_1' title="bbox 331 485 1101 602">
    <p class='ocr_par' dir='ltr' id='par_1_1' title="bbox 331 485 1101 602">
     <span class='ocr_line' id='line_1_1' title="bbox 331 485 1101 602; baseline -0.025 -4"><span class='ocrx_word' id='word_1_1' title='bbox 331 485 374 597; x_wconf 67' lang='lat'><strong>28</strong></span> <span class='ocrx_word' id='word_1_2' title='bbox 466 550 468 560; x_wconf 90' lang='lat'><em>·</em></span> <span class='ocrx_word' id='word_1_3' title='bbox 578 525 738 602; x_wconf 70' lang='lat' dir='ltr'><strong>Dispersus</strong></span> <span class='ocrx_word' id='word_1_4' title='bbox 754 526 979 596; x_wconf 58' lang='lat' dir='ltr'><strong>finiamus</strong></span> <span class='ocrx_word' id='word_1_5' title='bbox 995 542 1021 581; x_wconf 71' lang='grc' dir='ltr'>ι</span> <span class='ocrx_word' id='word_1_6' title='bbox 1040 526 1101 580; x_wconf 76' lang='lat' dir='ltr'><strong>xlx</strong></span> 
     </span>
    </p>
   </div>
   <div class='ocr_carea' id='block_1_2' title="bbox 294 715 1253 1462">
    <p class='ocr_par' dir='ltr' id='par_1_2' title="bbox 294 715 1253 1462">
     <span class='ocr_line' id='line_1_2' title="bbox 333 715 1250 798; baseline -0.001 -19"><span class='ocrx_word' id='word_1_7' title='bbox 333 719 432 792; x_wconf 72' lang='lat' dir='ltr'><strong>tante,</strong></span> <span class='ocrx_word' id='word_1_8' title='bbox 459 715 537 777; x_wconf 89' lang='lat' dir='ltr'><strong>sieut</strong></span> <span class='ocrx_word' id='word_1_9' title='bbox 558 721 590 778; x_wconf 88' lang='lat' dir='ltr'><strong>et</strong></span> <span class='ocrx_word' id='word_1_10' title='bbox 611 715 834 796; x_wconf 82' lang='lat' dir='ltr'><strong>triumphante:</strong></span> <span class='ocrx_word' id='word_1_11' title='bbox 855 717 888 779; x_wconf 91' lang='lat' dir='ltr'><strong>in</strong></span> <span class='ocrx_word' id='word_1_12' title='bbox 904 734 976 796; x_wconf 70' lang='lat' dir='ltr'><strong>uun</strong></span> <span class='ocrx_word' id='word_1_13' title='bbox 997 735 1069 778; x_wconf 87' lang='lat' dir='ltr'><strong>eum</strong></span> <span class='ocrx_word' id='word_1_14' title='bbox 1090 715 1250 798; x_wconf 77' lang='lat' dir='ltr'><strong>nollendo,</strong></span> 
     </span>
     <span class='ocr_line' id='line_1_3' title="bbox 334 797 1251 880; baseline 0 -20"><span class='ocrx_word' id='word_1_15' title='bbox 334 797 416 878; x_wconf 86' lang='lat' dir='ltr'><strong>quod</strong></span> <span class='ocrx_word' id='word_1_16' title='bbox 438 799 472 860; x_wconf 85' lang='lat' dir='ltr'><strong>et</strong></span> <span class='ocrx_word' id='word_1_17' title='bbox 489 799 519 860; x_wconf 97' lang='lat' dir='ltr'><strong>in</strong></span> <span class='ocrx_word' id='word_1_18' title='bbox 542 799 603 862; x_wconf 87' lang='lat' dir='ltr'><strong>hoe</strong></span> <span class='ocrx_word' id='word_1_19' title='bbox 613 799 651 860; x_wconf 90' lang='lat' dir='ltr'><strong>D.</strong></span> <span class='ocrx_word' id='word_1_20' title='bbox 662 797 795 863; x_wconf 83' lang='lat' dir='ltr'><strong>Johanui</strong></span> <span class='ocrx_word' id='word_1_21' title='bbox 814 799 845 861; x_wconf 82' lang='lat' dir='ltr'><strong>in</strong></span> <span class='ocrx_word' id='word_1_22' title='bbox 858 797 1096 880; x_wconf 52' lang='lat' dir='ltr'><strong>apocalypsim</strong></span> <span class='ocrx_word' id='word_1_23' title='bbox 1121 817 1251 861; x_wconf 82' lang='lat' dir='ltr'><strong>sensen-</strong></span> 
     </span>
     <span class='ocr_line' id='line_1_4' title="bbox 333 881 1250 948; baseline 0.003 -7"><span class='ocrx_word' id='word_1_24' title='bbox 333 881 386 942; x_wconf 91' lang='lat' dir='ltr'><strong>tit:</strong></span> <span class='ocrx_word' id='word_1_25' title='bbox 430 881 500 942; x_wconf 91' lang='lat' dir='ltr'><strong>Vidi</strong></span> <span class='ocrx_word' id='word_1_26' title='bbox 522 883 676 948; x_wconf 73' lang='lat' dir='ltr'><strong>civitatem</strong></span> <span class='ocrx_word' id='word_1_27' title='bbox 699 889 839 945; x_wconf 78' lang='lat' dir='ltr'><strong>sanetum</strong></span> <span class='ocrx_word' id='word_1_28' title='bbox 867 901 981 946; x_wconf 83' lang='lat' dir='ltr'><strong>nevam</strong></span> <span class='ocrx_word' id='word_1_29' title='bbox 1010 881 1250 944; x_wconf 71' lang='lat' dir='ltr'><strong>descendentem</strong></span> 
     </span>
     <span class='ocr_line' id='line_1_5' title="bbox 294 964 1251 1054; baseline 0 -28"><span class='ocrx_word' id='word_1_30' title='bbox 294 1033 299 1054; x_wconf 31' lang='grc' dir='ltr'><em>Ι</em></span> <span class='ocrx_word' id='word_1_31' title='bbox 333 971 390 1027; x_wconf 85' lang='lat' dir='ltr'><strong>ete.</strong></span> <span class='ocrx_word' id='word_1_32' title='bbox 412 964 455 1028; x_wconf 84' lang='lat' dir='ltr'><strong>At</strong></span> <span class='ocrx_word' id='word_1_33' title='bbox 474 967 598 1047; x_wconf 85' lang='lat' dir='ltr'><strong>propius</strong></span> <span class='ocrx_word' id='word_1_34' title='bbox 621 965 660 1026; x_wconf 84' lang='lat' dir='ltr'><strong>ad</strong></span> <span class='ocrx_word' id='word_1_35' title='bbox 672 985 736 1028; x_wconf 87' lang='lat' dir='ltr'><strong>rem</strong></span> <span class='ocrx_word' id='word_1_36' title='bbox 754 964 954 1029; x_wconf 80' lang='lat' dir='ltr'><strong>aeeedentss&#39;:</strong></span> <span class='ocrx_word' id='word_1_37' title='bbox 977 965 1010 1028; x_wconf 83' lang='lat' dir='ltr'><strong>si</strong></span> <span class='ocrx_word' id='word_1_38' title='bbox 1029 965 1161 1028; x_wconf 73' lang='lat' dir='ltr'><strong>ecelesia</strong></span> <span class='ocrx_word' id='word_1_39' title='bbox 1173 965 1251 1029; x_wconf 85' lang='lat' dir='ltr'><strong>mili·</strong></span> 
     </span>
     <span class='ocr_line' id='line_1_6' title="bbox 333 1048 1253 1128; baseline 0 -18"><span class='ocrx_word' id='word_1_40' title='bbox 333 1054 401 1110; x_wconf 80' lang='lat' dir='ltr'><strong>tans</strong></span> <span class='ocrx_word' id='word_1_41' title='bbox 412 1067 475 1110; x_wconf 85' lang='lat' dir='ltr'><strong>non</strong></span> <span class='ocrx_word' id='word_1_42' title='bbox 486 1049 543 1111; x_wconf 87' lang='lat' dir='ltr'><strong>fuit</strong></span> <span class='ocrx_word' id='word_1_43' title='bbox 553 1051 619 1117; x_wconf 76' lang='lat' dir='ltr'><strong>sine</strong></span> <span class='ocrx_word' id='word_1_44' title='bbox 630 1048 807 1127; x_wconf 76' lang='lat' dir='ltr'><strong>monarcha,</strong></span> <span class='ocrx_word' id='word_1_45' title='bbox 817 1049 930 1110; x_wconf 78' lang='lat' dir='ltr'><strong>veliem</strong></span> <span class='ocrx_word' id='word_1_46' title='bbox 941 1048 1057 1128; x_wconf 86' lang='lat' dir='ltr'><strong>audire,</strong></span> <span class='ocrx_word' id='word_1_47' title='bbox 1077 1049 1253 1128; x_wconf 38' lang='lat' dir='ltr'><strong>quistesset</strong></span> 
     </span>
     <span class='ocr_line' id='line_1_7' title="bbox 332 1131 1251 1211; baseline 0.005 -20"><span class='ocrx_word' id='word_1_48' title='bbox 332 1131 391 1192; x_wconf 89' lang='lat' dir='ltr'><strong>iste</strong></span> <span class='ocrx_word' id='word_1_49' title='bbox 413 1132 580 1193; x_wconf 78' lang='lat' dir='ltr'><strong>monarcha</strong></span> <span class='ocrx_word' id='word_1_50' title='bbox 601 1131 696 1209; x_wconf 85' lang='lat' dir='ltr'><strong>elius,</strong></span> <span class='ocrx_word' id='word_1_51' title='bbox 718 1140 770 1192; x_wconf 88' lang='lat' dir='ltr'><strong>aut</strong></span> <span class='ocrx_word' id='word_1_52' title='bbox 791 1150 923 1211; x_wconf 84' lang='lat' dir='ltr'><strong>unquam</strong></span> <span class='ocrx_word' id='word_1_53' title='bbox 943 1132 1052 1193; x_wconf 82' lang='lat' dir='ltr'><strong>firisset</strong></span> <span class='ocrx_word' id='word_1_54' title='bbox 1080 1132 1138 1192; x_wconf 88' lang='lat' dir='ltr'><strong>nisi</strong></span> <span class='ocrx_word' id='word_1_55' title='bbox 1158 1132 1251 1196; x_wconf 80' lang='lat' dir='ltr'><strong>Rem.</strong></span> 
     </span>
     <span class='ocr_line' id='line_1_8' title="bbox 332 1213 1252 1299; baseline 0 -25"><span class='ocrx_word' id='word_1_56' title='bbox 332 1214 491 1291; x_wconf 79' lang='lat' dir='ltr'>Pontifex,</span> <span class='ocrx_word' id='word_1_57' title='bbox 513 1222 566 1276; x_wconf 90' lang='lat' dir='ltr'><strong>aut</strong></span> <span class='ocrx_word' id='word_1_58' title='bbox 587 1233 666 1294; x_wconf 85' lang='lat' dir='ltr'><strong>quae</strong></span> <span class='ocrx_word' id='word_1_59' title='bbox 687 1214 748 1275; x_wconf 90' lang='lat' dir='ltr'><strong>alia</strong></span> <span class='ocrx_word' id='word_1_60' title='bbox 769 1215 984 1299; x_wconf 77' lang='lat' dir='ltr'><strong>primasedes</strong></span> <span class='ocrx_word' id='word_1_61' title='bbox 997 1217 1058 1276; x_wconf 90' lang='lat' dir='ltr'><strong>nisi</strong></span> <span class='ocrx_word' id='word_1_62' title='bbox 1078 1213 1168 1276; x_wconf 81' lang='lat' dir='ltr'><strong>sedes</strong></span> <span class='ocrx_word' id='word_1_63' title='bbox 1190 1214 1252 1275; x_wconf 53' lang='lat' dir='ltr'><strong>Pe*</strong></span> 
     </span>
     <span class='ocr_line' id='line_1_9' title="bbox 333 1297 1253 1378; baseline -0.003 -17"><span class='ocrx_word' id='word_1_64' title='bbox 333 1298 512 1361; x_wconf 73' lang='lat' dir='ltr'><strong>mereins</strong></span> <span class='ocrx_word' id='word_1_65' title='bbox 541 1297 774 1360; x_wconf 75' lang='lat' dir='ltr'><strong>suceessorum?</strong></span> <span class='ocrx_word' id='word_1_66' title='bbox 816 1298 909 1361; x_wconf 84' lang='lat' dir='ltr'><strong>Juxta</strong></span> <span class='ocrx_word' id='word_1_67' title='bbox 934 1298 1010 1360; x_wconf 85' lang='lat' dir='ltr'><strong>illud</strong></span> <span class='ocrx_word' id='word_1_68' title='bbox 1039 1299 1074 1364; x_wconf 85' lang='lat' dir='ltr'><strong>B.</strong></span> <span class='ocrx_word' id='word_1_69' title='bbox 1095 1297 1253 1378; x_wconf 80' lang='lat' dir='ltr'><strong>Cypriani,</strong></span> 
     </span>
     <span class='ocr_line' id='line_1_10' title="bbox 333 1379 1253 1462; baseline 0 -20"><span class='ocrx_word' id='word_1_70' title='bbox 333 1381 384 1462; x_wconf 90' lang='lat' dir='ltr'><strong>qui</strong></span> <span class='ocrx_word' id='word_1_71' title='bbox 406 1381 437 1442; x_wconf 90' lang='lat' dir='ltr'><strong>in</strong></span> <span class='ocrx_word' id='word_1_72' title='bbox 448 1380 588 1461; x_wconf 82' lang='lat' dir='ltr'><strong>Epistola</strong></span> <span class='ocrx_word' id='word_1_73' title='bbox 609 1383 638 1446; x_wconf 88' lang='grc'><strong>2.</strong></span> <span class='ocrx_word' id='word_1_74' title='bbox 656 1379 695 1443; x_wconf 85' lang='lat' dir='ltr'><strong>ad</strong></span> <span class='ocrx_word' id='word_1_75' title='bbox 712 1379 835 1443; x_wconf 80' lang='lat' dir='ltr'><strong>Cornel.</strong></span> <span class='ocrx_word' id='word_1_76' title='bbox 863 1381 952 1445; x_wconf 80' lang='lat' dir='ltr'><strong>Ram.</strong></span> <span class='ocrx_word' id='word_1_77' title='bbox 980 1379 1160 1443; x_wconf 82' lang='lat' dir='ltr'><strong>Pontideem</strong></span> <span class='ocrx_word' id='word_1_78' title='bbox 1179 1381 1253 1441; x_wconf 84' lang='lat' dir='ltr'><strong>seri·</strong></span> 
     </span>
    </p>
   </div>
   <div class='ocr_carea' id='block_1_3' title="bbox 333 1463 1297 1543">
    <p class='ocr_par' dir='ltr' id='par_1_3' title="bbox 333 1463 1297 1543">
     <span class='ocr_line' id='line_1_11' title="bbox 333 1463 1297 1543; baseline 0 -17"><span class='ocrx_word' id='word_1_79' title='bbox 333 1463 427 1543; x_wconf 87' lang='lat' dir='ltr'><strong>bens,</strong></span> <span class='ocrx_word' id='word_1_80' title='bbox 450 1472 556 1524; x_wconf 85' lang='lat' dir='ltr'><strong>eontra</strong></span> <span class='ocrx_word' id='word_1_81' title='bbox 578 1463 768 1526; x_wconf 84' lang='lat' dir='ltr'><strong>Novatiaues</strong></span> <span class='ocrx_word' id='word_1_82' title='bbox 799 1463 928 1526; x_wconf 90' lang='lat' dir='ltr'><strong>subdole</strong></span> <span class='ocrx_word' id='word_1_83' title='bbox 947 1465 1080 1526; x_wconf 79' lang='lat' dir='ltr'><strong>Rumam</strong></span> <span class='ocrx_word' id='word_1_84' title='bbox 1101 1463 1253 1526; x_wconf 82' lang='lat' dir='ltr'><strong>asseden-</strong></span> <span class='ocrx_word' id='word_1_85' title='bbox 1293 1494 1297 1512; x_wconf 61' lang='grc' dir='ltr'>ι</span> 
     </span>
    </p>
   </div>
   <div class='ocr_carea' id='block_1_4' title="bbox 333 1545 1254 1876">
    <p class='ocr_par' dir='ltr' id='par_1_4' title="bbox 333 1545 1254 1876">
     <span class='ocr_line' id='line_1_12' title="bbox 334 1545 1253 1628; baseline 0 -20"><span class='ocrx_word' id='word_1_86' title='bbox 334 1555 390 1623; x_wconf 88' lang='lat' dir='ltr'><strong>tes,</strong></span> <span class='ocrx_word' id='word_1_87' title='bbox 412 1546 525 1626; x_wconf 92' lang='lat' dir='ltr'><strong>inquit:</strong></span> <span class='ocrx_word' id='word_1_88' title='bbox 560 1545 636 1607; x_wconf 85' lang='lat' dir='ltr'><strong>Post</strong></span> <span class='ocrx_word' id='word_1_89' title='bbox 655 1547 715 1607; x_wconf 85' lang='lat' dir='ltr'><strong>ista</strong></span> <span class='ocrx_word' id='word_1_90' title='bbox 733 1545 835 1608; x_wconf 83' lang='lat' dir='ltr'><strong>adhue</strong></span> <span class='ocrx_word' id='word_1_91' title='bbox 854 1549 979 1628; x_wconf 82' lang='lat' dir='ltr'><strong>insuper</strong></span> <span class='ocrx_word' id='word_1_92' title='bbox 995 1547 1074 1609; x_wconf 89' lang='lat' dir='ltr'><strong>eedo</strong></span> <span class='ocrx_word' id='word_1_93' title='bbox 1091 1549 1253 1628; x_wconf 81' lang='lat' dir='ltr'><strong>episeopo,</strong></span> 
     </span>
     <span class='ocr_line' id='line_1_13' title="bbox 334 1625 1253 1712; baseline 0.001 -23"><span class='ocrx_word' id='word_1_94' title='bbox 334 1628 392 1689; x_wconf 84' lang='lat' dir='ltr'>sibi</span> <span class='ocrx_word' id='word_1_95' title='bbox 414 1628 453 1689; x_wconf 87' lang='lat' dir='ltr'><strong>ah</strong></span> <span class='ocrx_word' id='word_1_96' title='bbox 475 1629 637 1690; x_wconf 80' lang='lat' dir='ltr'><strong>haereticis</strong></span> <span class='ocrx_word' id='word_1_97' title='bbox 660 1625 845 1708; x_wconf 80' lang='lat' dir='ltr'><strong>constitute,¹</strong></span> <span class='ocrx_word' id='word_1_98' title='bbox 859 1632 1006 1712; x_wconf 83' lang='lat' dir='ltr'><strong>navigare</strong></span> <span class='ocrx_word' id='word_1_99' title='bbox 1020 1629 1143 1707; x_wconf 84' lang='lat' dir='ltr'><strong>audent,</strong></span> <span class='ocrx_word' id='word_1_100' title='bbox 1165 1629 1253 1690; x_wconf 85' lang='lat' dir='ltr'><strong>etad</strong></span> 
     </span>
     <span class='ocr_line' id='line_1_14' title="bbox 333 1711 1254 1794; baseline 0.002 -22"><span class='ocrx_word' id='word_1_101' title='bbox 333 1712 418 1772; x_wconf 87' lang='lat' dir='ltr'><strong>Petri</strong></span> <span class='ocrx_word' id='word_1_102' title='bbox 438 1711 616 1775; x_wconf 75' lang='lat' dir='ltr'><strong>cathedram</strong></span> <span class='ocrx_word' id='word_1_103' title='bbox 637 1718 729 1793; x_wconf 83' lang='lat' dir='ltr'><strong>atque</strong></span> <span class='ocrx_word' id='word_1_104' title='bbox 751 1713 916 1776; x_wconf 87' lang='lat' dir='ltr'><strong>eeelesiem</strong></span> <span class='ocrx_word' id='word_1_105' title='bbox 932 1713 1147 1794; x_wconf 70' lang='lat' dir='ltr'><strong>principalem,</strong></span> <span class='ocrx_word' id='word_1_106' title='bbox 1169 1711 1254 1774; x_wconf 84' lang='lat' dir='ltr'><strong>unde</strong></span> 
     </span>
     <span class='ocr_line' id='line_1_15' title="bbox 334 1793 1253 1876; baseline 0 -20"><span class='ocrx_word' id='word_1_107' title='bbox 334 1793 533 1856; x_wconf 83' lang='lat' dir='ltr'><strong>saeerdotalis</strong></span> <span class='ocrx_word' id='word_1_108' title='bbox 557 1796 657 1856; x_wconf 87' lang='lat' dir='ltr'><strong>unitas</strong></span> <span class='ocrx_word' id='word_1_109' title='bbox 679 1803 789 1858; x_wconf 85' lang='lat' dir='ltr'><strong>exorta</strong></span> <span class='ocrx_word' id='word_1_110' title='bbox 809 1802 866 1873; x_wconf 85' lang='lat' dir='ltr'><strong>est,</strong></span> <span class='ocrx_word' id='word_1_111' title='bbox 888 1816 909 1856; x_wconf 88' lang='lat' dir='ltr'><strong>a</strong></span> <span class='ocrx_word' id='word_1_112' title='bbox 926 1796 1126 1859; x_wconf 85' lang='lat' dir='ltr'><strong>sehismatieis</strong></span> <span class='ocrx_word' id='word_1_113' title='bbox 1139 1802 1171 1858; x_wconf 91' lang='lat' dir='ltr'><strong>et</strong></span> <span class='ocrx_word' id='word_1_114' title='bbox 1181 1814 1253 1876; x_wconf 85' lang='lat' dir='ltr'><strong>pre·</strong></span> 
     </span>
    </p>
   </div>
   <div class='ocr_carea' id='block_1_5' title="bbox 206 1876 1289 2104">
    <p class='ocr_par' dir='ltr' id='par_1_5' title="bbox 206 1876 1289 2104">
     <span class='ocr_line' id='line_1_16' title="bbox 210 1876 1282 1962; baseline 0.007 -30"><span class='ocrx_word' id='word_1_115' title='bbox 210 1925 217 1932; x_wconf 89' lang='lat'>.</span> <span class='ocrx_word' id='word_1_116' title='bbox 332 1877 410 1939; x_wconf 82' lang='lat' dir='ltr'><strong>fanis</strong></span> <span class='ocrx_word' id='word_1_117' title='bbox 427 1876 532 1940; x_wconf 88' lang='lat' dir='ltr'><strong>literas</strong></span> <span class='ocrx_word' id='word_1_118' title='bbox 545 1877 634 1956; x_wconf 85' lang='lat' dir='ltr'><strong>ferre,</strong></span> <span class='ocrx_word' id='word_1_119' title='bbox 651 1876 765 1962; x_wconf 82' lang='lat' dir='ltr'><strong>nee**)</strong></span> <span class='ocrx_word' id='word_1_120' title='bbox 781 1881 919 1960; x_wconf 82' lang='lat' dir='ltr'><strong>eegitere</strong></span> <span class='ocrx_word' id='word_1_121' title='bbox 929 1898 985 1940; x_wconf 90' lang='lat' dir='ltr'><strong>eos</strong></span> <span class='ocrx_word' id='word_1_122' title='bbox 997 1899 1068 1941; x_wconf 90' lang='lat' dir='ltr'><strong>esse</strong></span> <span class='ocrx_word' id='word_1_123' title='bbox 1080 1879 1253 1957; x_wconf 79' lang='lat' dir='ltr'><strong>Romanos,</strong></span> <span class='ocrx_word' id='word_1_124' title='bbox 1277 1902 1282 1912; x_wconf 22' lang='grc' dir='ltr'><strong>Χ</strong></span> 
     </span>
     <span class='ocr_line' id='line_1_17' title="bbox 206 1960 1289 2104; baseline 0.001 -83"><span class='ocrx_word' id='word_1_125' title='bbox 206 1983 210 2004; x_wconf 52' lang='lat' dir='ltr'><strong>r</strong></span> <span class='ocrx_word' id='word_1_126' title='bbox 333 1977 460 2104; x_wconf 68' lang='lat' dir='ltr'><strong>puerum</strong></span> <span class='ocrx_word' id='word_1_127' title='bbox 483 1960 559 2022; x_wconf 87' lang='lat' dir='ltr'><strong>fides</strong></span> <span class='ocrx_word' id='word_1_128' title='bbox 581 1960 619 2022; x_wconf 91' lang='lat' dir='ltr'><strong>ab</strong></span> <span class='ocrx_word' id='word_1_129' title='bbox 642 1962 788 2042; x_wconf 87' lang='lat' dir='ltr'><strong>apostole</strong></span> <span class='ocrx_word' id='word_1_130' title='bbox 808 1961 933 2024; x_wconf 81' lang='lat' dir='ltr'><strong>laudata</strong></span> <span class='ocrx_word' id='word_1_131' title='bbox 953 1971 1010 2040; x_wconf 83' lang='lat' dir='ltr'><strong>est,</strong></span> <span class='ocrx_word' id='word_1_132' title='bbox 1033 1961 1072 2024; x_wconf 85' lang='lat' dir='ltr'><strong>ed</strong></span> <span class='ocrx_word' id='word_1_133' title='bbox 1089 1981 1169 2042; x_wconf 85' lang='lat' dir='ltr'><strong>quos</strong></span> <span class='ocrx_word' id='word_1_134' title='bbox 1183 1981 1253 2043; x_wconf 81' lang='lat' dir='ltr'><strong>per·</strong></span> <span class='ocrx_word' id='word_1_135' title='bbox 1280 1999 1289 2016; x_wconf 84' lang='lat'><strong>·</strong></span> 
     </span>
    </p>
   </div>
   <div class='ocr_carea' id='block_1_6' title="bbox 331 2042 1253 2790">
    <p class='ocr_par' dir='ltr' id='par_1_6' title="bbox 331 2042 1253 2538">
     <span class='ocr_line' id='line_1_18' title="bbox 355 2042 1253 2126; baseline 0.003 -23"><span class='ocrx_word' id='word_1_136' title='bbox 355 2042 407 2104; x_wconf 90' lang='lat' dir='ltr'><strong>dia</strong></span> <span class='ocrx_word' id='word_1_137' title='bbox 427 2043 541 2105; x_wconf 87' lang='lat' dir='ltr'><strong>habere</strong></span> <span class='ocrx_word' id='word_1_138' title='bbox 562 2061 625 2106; x_wconf 87' lang='lat' dir='ltr'><strong>non</strong></span> <span class='ocrx_word' id='word_1_139' title='bbox 653 2045 752 2125; x_wconf 88' lang='lat' dir='ltr'><strong>possit</strong></span> <span class='ocrx_word' id='word_1_140' title='bbox 773 2064 942 2108; x_wconf 85' lang='lat' dir='ltr'><strong>aeeessum.</strong></span> <span class='ocrx_word' id='word_1_141' title='bbox 984 2045 1026 2106; x_wconf 79' lang='lat' dir='ltr'><strong>Et</strong></span> <span class='ocrx_word' id='word_1_142' title='bbox 1044 2045 1253 2126; x_wconf 73' lang='lat' dir='ltr'><strong>Hieronymus</strong></span> 
     </span>
     <span class='ocr_line' id='line_1_19' title="bbox 331 2125 1253 2193; baseline 0.003 -7"><span class='ocrx_word' id='word_1_143' title='bbox 331 2125 412 2188; x_wconf 86' lang='lat' dir='ltr'><strong>idem</strong></span> <span class='ocrx_word' id='word_1_144' title='bbox 436 2132 564 2191; x_wconf 79' lang='lat' dir='ltr'><strong>testetur</strong></span> <span class='ocrx_word' id='word_1_145' title='bbox 585 2135 693 2188; x_wconf 74' lang='lat' dir='ltr'><strong>annun</strong></span> <span class='ocrx_word' id='word_1_146' title='bbox 713 2127 939 2191; x_wconf 76' lang='lat' dir='ltr'><strong>Luciferianos:</strong></span> <span class='ocrx_word' id='word_1_147' title='bbox 984 2127 1145 2193; x_wconf 77' lang='lat' dir='ltr'><strong>Eeelesiae</strong></span> <span class='ocrx_word' id='word_1_148' title='bbox 1166 2129 1253 2189; x_wconf 83' lang='lat' dir='ltr'><strong>salus</strong></span> 
     </span>
     <span class='ocr_line' id='line_1_20' title="bbox 332 2210 1252 2292; baseline 0.003 -23"><span class='ocrx_word' id='word_1_149' title='bbox 332 2210 408 2286; x_wconf 86' lang='lat' dir='ltr'><strong>(ait)</strong></span> <span class='ocrx_word' id='word_1_150' title='bbox 433 2211 465 2269; x_wconf 91' lang='lat' dir='ltr'><strong>in</strong></span> <span class='ocrx_word' id='word_1_151' title='bbox 488 2211 598 2270; x_wconf 90' lang='lat' dir='ltr'><strong>summi</strong></span> <span class='ocrx_word' id='word_1_152' title='bbox 619 2210 789 2272; x_wconf 76' lang='lat' dir='ltr'><strong>sacerdotis</strong></span> <span class='ocrx_word' id='word_1_153' title='bbox 811 2211 960 2292; x_wconf 70' lang='lat' dir='ltr'><strong>dignitate</strong></span> <span class='ocrx_word' id='word_1_154' title='bbox 987 2211 1119 2291; x_wconf 81' lang='lat' dir='ltr'><strong>pendet,</strong></span> <span class='ocrx_word' id='word_1_155' title='bbox 1153 2211 1202 2272; x_wconf 85' lang='lat' dir='ltr'><strong>eni</strong></span> <span class='ocrx_word' id='word_1_156' title='bbox 1224 2213 1252 2272; x_wconf 87' lang='lat' dir='ltr'><strong>si</strong></span> 
     </span>
     <span class='ocr_line' id='line_1_21' title="bbox 331 2293 1252 2372; baseline 0.003 -20"><span class='ocrx_word' id='word_1_157' title='bbox 331 2311 393 2354; x_wconf 88' lang='lat' dir='ltr'><strong>non</strong></span> <span class='ocrx_word' id='word_1_158' title='bbox 424 2311 530 2355; x_wconf 79' lang='lat' dir='ltr'><strong>exsors</strong></span> <span class='ocrx_word' id='word_1_159' title='bbox 559 2293 708 2372; x_wconf 87' lang='lat' dir='ltr'><strong>quaedam</strong></span> <span class='ocrx_word' id='word_1_160' title='bbox 740 2299 773 2354; x_wconf 89' lang='lat' dir='ltr'><strong>et</strong></span> <span class='ocrx_word' id='word_1_161' title='bbox 800 2294 839 2355; x_wconf 89' lang='lat' dir='ltr'><strong>ab</strong></span> <span class='ocrx_word' id='word_1_162' title='bbox 860 2293 1004 2360; x_wconf 87' lang='lat' dir='ltr'><strong>omnibus</strong></span> <span class='ocrx_word' id='word_1_163' title='bbox 1031 2295 1169 2359; x_wconf 85' lang='lat' dir='ltr'><strong>eminens</strong></span> <span class='ocrx_word' id='word_1_164' title='bbox 1198 2293 1252 2355; x_wconf 84' lang='lat' dir='ltr'><strong>de·</strong></span> 
     </span>
     <span class='ocr_line' id='line_1_22' title="bbox 332 2375 1252 2457; baseline 0.003 -21"><span class='ocrx_word' id='word_1_165' title='bbox 332 2379 380 2437; x_wconf 88' lang='lat' dir='ltr'><strong>tur</strong></span> <span class='ocrx_word' id='word_1_166' title='bbox 400 2381 555 2457; x_wconf 86' lang='lat' dir='ltr'><strong>potestas,</strong></span> <span class='ocrx_word' id='word_1_167' title='bbox 589 2381 636 2438; x_wconf 87' lang='lat' dir='ltr'><strong>tot</strong></span> <span class='ocrx_word' id='word_1_168' title='bbox 662 2376 692 2437; x_wconf 92' lang='lat' dir='ltr'><strong>in</strong></span> <span class='ocrx_word' id='word_1_169' title='bbox 715 2375 855 2441; x_wconf 74' lang='lat' dir='ltr'><strong>eeclesiis</strong></span> <span class='ocrx_word' id='word_1_170' title='bbox 883 2377 1054 2440; x_wconf 71' lang='lat' dir='ltr'><strong>efficientur</strong></span> <span class='ocrx_word' id='word_1_171' title='bbox 1074 2377 1252 2457; x_wconf 84' lang='lat' dir='ltr'><strong>sehismets,</strong></span> 
     </span>
     <span class='ocr_line' id='line_1_23' title="bbox 332 2458 1124 2538; baseline 0.001 -19"><span class='ocrx_word' id='word_1_172' title='bbox 332 2466 408 2538; x_wconf 88' lang='lat' dir='ltr'><strong>quot</strong></span> <span class='ocrx_word' id='word_1_173' title='bbox 428 2458 618 2521; x_wconf 75' lang='lat' dir='ltr'><strong>sacerdotes.</strong></span> <span class='ocrx_word' id='word_1_174' title='bbox 735 2526 739 2536; x_wconf 35' lang='lat'>¹</span> <span class='ocrx_word' id='word_1_175' title='bbox 995 2501 998 2508; x_wconf 86' lang='lat'>-</span> <span class='ocrx_word' id='word_1_176' title='bbox 1121 2471 1124 2476; x_wconf 84' lang='grc'><em>·</em></span> 
     </span>
    </p>

    <p class='ocr_par' dir='ltr' id='par_1_7' title="bbox 331 2539 1253 2790">
     <span class='ocr_line' id='line_1_24' title="bbox 416 2539 1252 2622; baseline 0.005 -21"><span class='ocrx_word' id='word_1_177' title='bbox 416 2540 456 2601; x_wconf 78' lang='lat' dir='ltr'><strong>us</strong></span> <span class='ocrx_word' id='word_1_178' title='bbox 484 2541 564 2621; x_wconf 90' lang='lat' dir='ltr'><strong>quod</strong></span> <span class='ocrx_word' id='word_1_179' title='bbox 593 2542 645 2603; x_wconf 88' lang='lat' dir='ltr'><strong>ille</strong></span> <span class='ocrx_word' id='word_1_180' title='bbox 673 2539 808 2604; x_wconf 88' lang='lat' dir='ltr'><strong>sum&#39;mus</strong></span> <span class='ocrx_word' id='word_1_181' title='bbox 835 2543 982 2605; x_wconf 82' lang='lat' dir='ltr'><strong>sacerdos</strong></span> <span class='ocrx_word' id='word_1_182' title='bbox 1016 2545 1056 2605; x_wconf 86' lang='lat' dir='ltr'><strong>sit</strong></span> <span class='ocrx_word' id='word_1_183' title='bbox 1081 2544 1252 2622; x_wconf 80' lang='lat' dir='ltr'><strong>Romanus,</strong></span> 
     </span>
     <span class='ocr_line' id='line_1_25' title="bbox 331 2624 1252 2707; baseline 0.002 -22"><span class='ocrx_word' id='word_1_184' title='bbox 331 2624 429 2704; x_wconf 85' lang='lat' dir='ltr'><strong>liquet</strong></span> <span class='ocrx_word' id='word_1_185' title='bbox 450 2624 530 2705; x_wconf 88' lang='lat' dir='ltr'><strong>apud</strong></span> <span class='ocrx_word' id='word_1_186' title='bbox 553 2624 686 2686; x_wconf 91' lang='lat' dir='ltr'><strong>eundem</strong></span> <span class='ocrx_word' id='word_1_187' title='bbox 704 2626 736 2690; x_wconf 87' lang='lat' dir='ltr'><strong>B.</strong></span> <span class='ocrx_word' id='word_1_188' title='bbox 756 2626 977 2707; x_wconf 87' lang='lat' dir='ltr'><strong>Hieronymum</strong></span> <span class='ocrx_word' id='word_1_189' title='bbox 1000 2628 1031 2687; x_wconf 92' lang='lat' dir='ltr'><strong>in</strong></span> <span class='ocrx_word' id='word_1_190' title='bbox 1053 2626 1172 2689; x_wconf 83' lang='lat' dir='ltr'><strong>duabus</strong></span> <span class='ocrx_word' id='word_1_191' title='bbox 1188 2627 1252 2707; x_wconf 87' lang='lat' dir='ltr'><strong>epi-</strong></span> 
     </span>
     <span class='ocr_line' id='line_1_26' title="bbox 332 2707 1253 2790; baseline -0.002 -19"><span class='ocrx_word' id='word_1_192' title='bbox 332 2708 419 2771; x_wconf 81' lang='lat' dir='ltr'><strong>stolis</strong></span> <span class='ocrx_word' id='word_1_193' title='bbox 453 2707 492 2768; x_wconf 90' lang='lat' dir='ltr'><strong>ad</strong></span> <span class='ocrx_word' id='word_1_194' title='bbox 520 2708 689 2769; x_wconf 79' lang='lat' dir='ltr'><strong>Damasum</strong></span> <span class='ocrx_word' id='word_1_195' title='bbox 718 2709 851 2790; x_wconf 82' lang='lat' dir='ltr'><strong>Papam,</strong></span> <span class='ocrx_word' id='word_1_196' title='bbox 884 2711 971 2770; x_wconf 90' lang='lat' dir='ltr'><strong>euius</strong></span> <span class='ocrx_word' id='word_1_197' title='bbox 1002 2710 1100 2771; x_wconf 81' lang='lat' dir='ltr'><strong>ferme</strong></span> <span class='ocrx_word' id='word_1_198' title='bbox 1130 2709 1253 2790; x_wconf 82' lang='lat' dir='ltr'><strong>singule</strong></span> 
     </span>
    </p>
   </div>
   <div class='ocr_carea' id='block_1_7' title="bbox 332 2790 1276 2869">
    <p class='ocr_par' dir='ltr' id='par_1_8' title="bbox 332 2790 1276 2869">
     <span class='ocr_line' id='line_1_27' title="bbox 332 2790 1276 2869; baseline 0.001 -18"><span class='ocrx_word' id='word_1_199' title='bbox 332 2790 427 2853; x_wconf 78' lang='lat' dir='ltr'><strong>rerba</strong></span> <span class='ocrx_word' id='word_1_200' title='bbox 448 2790 487 2851; x_wconf 86' lang='lat' dir='ltr'><strong>ad</strong></span> <span class='ocrx_word' id='word_1_201' title='bbox 509 2792 677 2855; x_wconf 82' lang='lat' dir='ltr'><strong>institutum</strong></span> <span class='ocrx_word' id='word_1_202' title='bbox 700 2792 825 2869; x_wconf 81' lang='lat' dir='ltr'><strong>faeium,</strong></span> <span class='ocrx_word' id='word_1_203' title='bbox 847 2812 951 2854; x_wconf 83' lang='lat' dir='ltr'><strong>verum</strong></span> <span class='ocrx_word' id='word_1_204' title='bbox 972 2792 1131 2855; x_wconf 85' lang='lat' dir='ltr'><strong>brevitatis</strong></span> <span class='ocrx_word' id='word_1_205' title='bbox 1145 2791 1276 2868; x_wconf 73' lang='lat' dir='ltr'><strong>studio⁴</strong></span> 
     </span>
    </p>
   </div>
   <div class='ocr_carea' id='block_1_8' title="bbox 331 2873 1254 3203">
    <p class='ocr_par' dir='ltr' id='par_1_9' title="bbox 331 2873 1254 3203">
     <span class='ocr_line' id='line_1_28' title="bbox 331 2873 1253 2956; baseline 0 -21"><span class='ocrx_word' id='word_1_206' title='bbox 331 2873 387 2937; x_wconf 88' lang='lat' dir='ltr'><strong>illa</strong></span> <span class='ocrx_word' id='word_1_207' title='bbox 407 2874 578 2955; x_wconf 88' lang='lat' dir='ltr'><strong>signemus:</strong></span> <span class='ocrx_word' id='word_1_208' title='bbox 612 2875 688 2937; x_wconf 77' lang='lat' dir='ltr'><strong>Cum</strong></span> <span class='ocrx_word' id='word_1_209' title='bbox 717 2884 897 2938; x_wconf 67' lang='lat' dir='ltr'><strong>suceessore</strong></span> <span class='ocrx_word' id='word_1_210' title='bbox 917 2876 1079 2956; x_wconf 71' lang='lat' dir='ltr'><strong>piscaturis</strong></span> <span class='ocrx_word' id='word_1_211' title='bbox 1110 2874 1253 2946; x_wconf 81' lang='lat' dir='ltr'><strong>etdisai·</strong></span> 
     </span>
     <span class='ocr_line' id='line_1_29' title="bbox 332 2956 1254 3039; baseline 0 -20"><span class='ocrx_word' id='word_1_212' title='bbox 332 2956 396 3038; x_wconf 90' lang='lat' dir='ltr'><strong>puli</strong></span> <span class='ocrx_word' id='word_1_213' title='bbox 418 2956 530 3019; x_wconf 80' lang='lat' dir='ltr'><strong>christi</strong></span> <span class='ocrx_word' id='word_1_214' title='bbox 557 2958 677 3037; x_wconf 88' lang='lat' dir='ltr'><strong>loquor.</strong></span> <span class='ocrx_word' id='word_1_215' title='bbox 712 2958 780 3038; x_wconf 82' lang='lat' dir='ltr'><strong>Ego</strong></span> <span class='ocrx_word' id='word_1_216' title='bbox 802 2958 918 3018; x_wconf 89' lang='lat' dir='ltr'><strong>nullum</strong></span> <span class='ocrx_word' id='word_1_217' title='bbox 933 2959 1102 3039; x_wconf 85' lang='lat' dir='ltr'><strong>praemium</strong></span> <span class='ocrx_word' id='word_1_218' title='bbox 1118 2976 1254 3037; x_wconf 87' lang='lat' dir='ltr'><strong>sequens</strong></span> 
     </span>
     <span class='ocr_line' id='line_1_30' title="bbox 333 3039 1252 3119; baseline 0 -18"><span class='ocrx_word' id='word_1_219' title='bbox 333 3039 391 3101; x_wconf 85' lang='lat' dir='ltr'><strong>nisi</strong></span> <span class='ocrx_word' id='word_1_220' title='bbox 407 3039 558 3104; x_wconf 82' lang='lat' dir='ltr'><strong>Christum</strong></span> <span class='ocrx_word' id='word_1_221' title='bbox 580 3040 761 3102; x_wconf 87' lang='lat' dir='ltr'><strong>beatitudini</strong></span> <span class='ocrx_word' id='word_1_222' title='bbox 783 3048 865 3117; x_wconf 86' lang='lat' dir='ltr'><strong>tuae,</strong></span> <span class='ocrx_word' id='word_1_223' title='bbox 886 3040 916 3103; x_wconf 93' lang='lat' dir='ltr'><strong>id</strong></span> <span class='ocrx_word' id='word_1_224' title='bbox 940 3047 1004 3119; x_wconf 67' lang='lat' dir='ltr'><strong>est,</strong></span> <span class='ocrx_word' id='word_1_225' title='bbox 1020 3039 1185 3104; x_wconf 79' lang='lat' dir='ltr'><strong>cathedrae</strong></span> <span class='ocrx_word' id='word_1_226' title='bbox 1196 3041 1252 3102; x_wconf 83' lang='lat' dir='ltr'><strong>Pe·</strong></span> 
     </span>
     <span class='ocr_line' id='line_1_31' title="bbox 332 3122 1253 3203; baseline 0.004 -20"><span class='ocrx_word' id='word_1_227' title='bbox 332 3122 370 3183; x_wconf 87' lang='lat' dir='ltr'><strong>tri</strong></span> <span class='ocrx_word' id='word_1_228' title='bbox 399 3126 579 3197; x_wconf 86' lang='lat' dir='ltr'><strong>eonsoeior,</strong></span> <span class='ocrx_word' id='word_1_229' title='bbox 607 3142 698 3203; x_wconf 89' lang='lat' dir='ltr'><strong>super</strong></span> <span class='ocrx_word' id='word_1_230' title='bbox 719 3122 803 3184; x_wconf 88' lang='lat' dir='ltr'><strong>illam</strong></span> <span class='ocrx_word' id='word_1_231' title='bbox 825 3123 945 3201; x_wconf 83' lang='lat' dir='ltr'><strong>Petram</strong></span> <span class='ocrx_word' id='word_1_232' title='bbox 967 3124 1124 3187; x_wconf 73' lang='lat' dir='ltr'><strong>fundatam</strong></span> <span class='ocrx_word' id='word_1_233' title='bbox 1153 3122 1253 3187; x_wconf 83' lang='lat' dir='ltr'><strong>seele-</strong></span> 
     </span>
    </p>
   </div>
   <div class='ocr_carea' id='block_1_9' title="bbox 333 3205 1258 3289">
    <p class='ocr_par' dir='ltr' id='par_1_10' title="bbox 333 3205 1258 3289">
     <span class='ocr_line' id='line_1_32' title="bbox 333 3205 1258 3289; baseline 0.005 -25"><span class='ocrx_word' id='word_1_234' title='bbox 333 3206 411 3265; x_wconf 86' lang='lat' dir='ltr'><strong>siem</strong></span> <span class='ocrx_word' id='word_1_235' title='bbox 433 3206 508 3267; x_wconf 86' lang='lat' dir='ltr'><strong>seio.</strong></span> <span class='ocrx_word' id='word_1_236' title='bbox 550 3205 694 3268; x_wconf 76' lang='lat' dir='ltr'><strong>Etinfra:</strong></span> <span class='ocrx_word' id='word_1_237' title='bbox 718 3206 900 3287; x_wconf 77' lang='lat' dir='ltr'><strong>Quiuuuque</strong></span> <span class='ocrx_word' id='word_1_238' title='bbox 922 3214 1023 3281; x_wconf 78' lang='lat' dir='ltr'><strong>teeuru</strong></span> <span class='ocrx_word' id='word_1_239' title='bbox 1036 3228 1099 3269; x_wconf 88' lang='lat' dir='ltr'><strong>nen</strong></span> <span class='ocrx_word' id='word_1_240' title='bbox 1123 3207 1258 3289; x_wconf 68' lang='lat' dir='ltr'><strong>artigia</strong></span> 
     </span>
    </p>
   </div>
   <div class='ocr_carea' id='block_1_10' title="bbox 332 3285 1255 3871">
    <p class='ocr_par' dir='ltr' id='par_1_11' title="bbox 332 3285 1255 3871">
     <span class='ocr_line' id='line_1_33' title="bbox 334 3285 1252 3371; baseline 0.004 -24"><span class='ocrx_word' id='word_1_241' title='bbox 334 3285 387 3347; x_wconf 91' lang='lat' dir='ltr'><strong>ille</strong></span> <span class='ocrx_word' id='word_1_242' title='bbox 409 3287 564 3368; x_wconf 83' lang='lat' dir='ltr'><strong>dispergit.</strong></span> <span class='ocrx_word' id='word_1_243' title='bbox 609 3288 657 3349; x_wconf 81' lang='lat' dir='ltr'><strong>Idx</strong></span> <span class='ocrx_word' id='word_1_244' title='bbox 679 3285 790 3369; x_wconf 90' lang='lat' dir='ltr'><strong>quibus</strong></span> <span class='ocrx_word' id='word_1_245' title='bbox 802 3291 932 3371; x_wconf 78' lang='lat' dir='ltr'><strong>quisque</strong></span> <span class='ocrx_word' id='word_1_246' title='bbox 944 3290 1045 3353; x_wconf 90' lang='lat' dir='ltr'><strong>bonus</strong></span> <span class='ocrx_word' id='word_1_247' title='bbox 1062 3290 1252 3351; x_wconf 81' lang='lat' dir='ltr'><strong>Christianus</strong></span> 
     </span>
     <span class='ocr_line' id='line_1_34' title="bbox 332 3369 1253 3449; baseline 0.002 -18"><span class='ocrx_word' id='word_1_248' title='bbox 332 3369 423 3431; x_wconf 82' lang='lat' dir='ltr'><strong>iseile</strong></span> <span class='ocrx_word' id='word_1_249' title='bbox 447 3372 580 3449; x_wconf 87' lang='lat' dir='ltr'><strong>eoniieit,</strong></span> <span class='ocrx_word' id='word_1_250' title='bbox 602 3372 749 3433; x_wconf 88' lang='lat' dir='ltr'><strong>unitatem</strong></span> <span class='ocrx_word' id='word_1_251' title='bbox 765 3372 992 3442; x_wconf 77' lang='lat' dir='ltr'><strong>sacerdotalem</strong></span> <span class='ocrx_word' id='word_1_252' title='bbox 1013 3373 1134 3435; x_wconf 79' lang='lat' dir='ltr'><strong>sRom.</strong></span> <span class='ocrx_word' id='word_1_253' title='bbox 1156 3371 1253 3434; x_wconf 80' lang='lat' dir='ltr'><strong>fluere</strong></span> 
     </span>
     <span class='ocr_line' id='line_1_35' title="bbox 333 3451 1251 3537; baseline 0.004 -25"><span class='ocrx_word' id='word_1_254' title='bbox 333 3451 499 3533; x_wconf 86' lang='lat' dir='ltr'><strong>Pontifiee,</strong></span> <span class='ocrx_word' id='word_1_255' title='bbox 522 3454 656 3517; x_wconf 88' lang='lat' dir='ltr'><strong>stillam</strong></span> <span class='ocrx_word' id='word_1_256' title='bbox 680 3456 774 3517; x_wconf 82' lang='lat' dir='ltr'><strong>fuisse</strong></span> <span class='ocrx_word' id='word_1_257' title='bbox 796 3475 919 3537; x_wconf 88' lang='lat' dir='ltr'><strong>semper</strong></span> <span class='ocrx_word' id='word_1_258' title='bbox 940 3456 1118 3518; x_wconf 86' lang='lat' dir='ltr'><strong>eathedram</strong></span> <span class='ocrx_word' id='word_1_259' title='bbox 1140 3457 1251 3537; x_wconf 82' lang='lat' dir='ltr'><strong>prinei-</strong></span> 
     </span>
     <span class='ocr_line' id='line_1_36' title="bbox 334 3534 1255 3619; baseline 0.007 -25"><span class='ocrx_word' id='word_1_260' title='bbox 334 3534 447 3615; x_wconf 87' lang='lat' dir='ltr'><strong>palem,</strong></span> <span class='ocrx_word' id='word_1_261' title='bbox 469 3544 500 3596; x_wconf 87' lang='lat' dir='ltr'><strong>et</strong></span> <span class='ocrx_word' id='word_1_262' title='bbox 522 3538 664 3600; x_wconf 86' lang='lat' dir='ltr'><strong>omnibus</strong></span> <span class='ocrx_word' id='word_1_263' title='bbox 686 3538 755 3599; x_wconf 91' lang='lat' dir='ltr'><strong>aliis</strong></span> <span class='ocrx_word' id='word_1_264' title='bbox 771 3540 958 3619; x_wconf 85' lang='lat' dir='ltr'><strong>praelatam,</strong></span> <span class='ocrx_word' id='word_1_265' title='bbox 980 3551 1012 3601; x_wconf 87' lang='lat' dir='ltr'><strong>et</strong></span> <span class='ocrx_word' id='word_1_266' title='bbox 1033 3540 1116 3619; x_wconf 88' lang='lat' dir='ltr'><strong>quud</strong></span> <span class='ocrx_word' id='word_1_267' title='bbox 1137 3537 1192 3600; x_wconf 78' lang='lat' dir='ltr'><strong>ille</strong></span> <span class='ocrx_word' id='word_1_268' title='bbox 1212 3540 1255 3608; x_wconf 81' lang='lat' dir='ltr'><strong>sit</strong></span> 
     </span>
     <span class='ocr_line' id='line_1_37' title="bbox 332 3618 1251 3714; baseline 0.005 -36"><span class='ocrx_word' id='word_1_269' title='bbox 332 3618 433 3694; x_wconf 88' lang='lat' dir='ltr'><strong>Petra,</strong></span> <span class='ocrx_word' id='word_1_270' title='bbox 457 3620 535 3679; x_wconf 87' lang='lat' dir='ltr'><strong>sieut</strong></span> <span class='ocrx_word' id='word_1_271' title='bbox 547 3619 753 3703; x_wconf 87' lang='lat' dir='ltr'><strong>Hieronymus</strong></span> <span class='ocrx_word' id='word_1_272' title='bbox 777 3621 918 3701; x_wconf 86' lang='lat' dir='ltr'><strong>dieit,-se</strong></span> <span class='ocrx_word' id='word_1_273' title='bbox 932 3624 1022 3703; x_wconf 85' lang='lat' dir='ltr'><strong>seire,</strong></span> <span class='ocrx_word' id='word_1_274' title='bbox 1045 3642 1137 3714; x_wconf 79' lang='lat' dir='ltr'><strong>spper</strong></span> <span class='ocrx_word' id='word_1_275' title='bbox 1159 3641 1251 3702; x_wconf 85' lang='lat' dir='ltr'><strong>quam</strong></span> 
     </span>
     <span class='ocr_line' id='line_1_38' title="bbox 333 3701 1255 3787; baseline 0.005 -26"><span class='ocrx_word' id='word_1_276' title='bbox 333 3701 460 3762; x_wconf 81' lang='lat' dir='ltr'><strong>fundata</strong></span> <span class='ocrx_word' id='word_1_277' title='bbox 489 3703 529 3762; x_wconf 90' lang='lat' dir='ltr'><strong>sit</strong></span> <span class='ocrx_word' id='word_1_278' title='bbox 551 3704 691 3767; x_wconf 78' lang='lat' dir='ltr'><strong>ecelesia.</strong></span> <span class='ocrx_word' id='word_1_279' title='bbox 714 3704 774 3765; x_wconf 84' lang='lat' dir='ltr'><strong>Vel</strong></span> <span class='ocrx_word' id='word_1_280' title='bbox 795 3706 981 3767; x_wconf 87' lang='lat' dir='ltr'><strong>reverendus</strong></span> <span class='ocrx_word' id='word_1_281' title='bbox 1003 3703 1095 3767; x_wconf 83' lang='lat' dir='ltr'><strong>Pater</strong></span> <span class='ocrx_word' id='word_1_282' title='bbox 1115 3706 1255 3787; x_wconf 79' lang='lat' dir='ltr'><strong>assignet</strong></span> 
     </span>
     <span class='ocr_line' id='line_1_39' title="bbox 333 3784 1174 3871; baseline 0.006 -27"><span class='ocrx_word' id='word_1_283' title='bbox 333 3784 425 3845; x_wconf 86' lang='lat' dir='ltr'><strong>alium</strong></span> <span class='ocrx_word' id='word_1_284' title='bbox 450 3786 658 3851; x_wconf 77' lang='lat' dir='ltr'><strong>monarcham.</strong></span> <span class='ocrx_word' id='word_1_285' title='bbox 671 3788 823 3851; x_wconf 76' lang='lat' dir='ltr'><strong>ecelesiae</strong></span> <span class='ocrx_word' id='word_1_286' title='bbox 845 3790 952 3871; x_wconf 85' lang='lat' dir='ltr'><strong>priseis</strong></span> <span class='ocrx_word' id='word_1_287' title='bbox 974 3788 1174 3869; x_wconf 87' lang='lat' dir='ltr'><strong>temporibus.</strong></span> 
     </span>
    </p>
   </div>
   <div class='ocr_carea' id='block_1_11' title="bbox 334 3958 579 3967">
    <p class='ocr_par' dir='ltr' id='par_1_12' title="bbox 334 3958 579 3967">
     <span class='ocr_line' id='line_1_40' title="bbox 334 3958 579 3967; baseline -0.008 0"><span class='ocrx_word' id='word_1_288' title='bbox 334 3958 579 3967; x_wconf 53' lang='lat' dir='ltr'><strong>m—-u--u—a-—u-</strong></span> 
     </span>
    </p>
   </div>
   <div class='ocr_carea' id='block_1_12' title="bbox 387 4014 1090 4121">
    <p class='ocr_par' dir='ltr' id='par_1_13' title="bbox 387 4014 1090 4121">
     <span class='ocr_line' id='line_1_41' title="bbox 387 4014 1090 4121; baseline -0.001 -15"><span class='ocrx_word' id='word_1_289' title='bbox 387 4049 418 4117; x_wconf 78' lang='lat'><strong>⁸)</strong></span> <span class='ocrx_word' id='word_1_290' title='bbox 440 4014 592 4121; x_wconf 52' lang='lat' dir='ltr'><strong>Apuadd.</strong></span> <span class='ocrx_word' id='word_1_291' title='bbox 610 4102 612 4111; x_wconf 70' lang='grc'>,</span> <span class='ocrx_word' id='word_1_292' title='bbox 631 4050 685 4115; x_wconf 58' lang='grc' dir='ltr'><strong>*Ἴ</strong></span> <span class='ocrx_word' id='word_1_293' title='bbox 701 4052 731 4105; x_wconf 87' lang='lat' dir='ltr'><strong>ln</strong></span> <span class='ocrx_word' id='word_1_294' title='bbox 752 4051 796 4107; x_wconf 83' lang='lat' dir='ltr'><strong>ad.</strong></span> <span class='ocrx_word' id='word_1_295' title='bbox 814 4051 892 4106; x_wconf 71' lang='lat' dir='ltr'><strong>den:</strong></span> <span class='ocrx_word' id='word_1_296' title='bbox 912 4066 960 4111; x_wconf 69' lang='lat' dir='ltr'><strong>ne,</strong></span> <span class='ocrx_word' id='word_1_297' title='bbox 1087 4088 1090 4094; x_wconf 80' lang='lat'><em>‚</em></span> 
     </span>
    </p>
   </div>
   <div class='ocr_carea' id='block_1_13' title="bbox 1397 3782 1401 3903">
    <p class='ocr_par' dir='ltr' id='par_1_14' title="bbox 1397 3782 1401 3903">
     <span class='ocr_line' id='line_1_42' title="bbox 1397 3782 1401 3822; baseline 0 0"><span class='ocrx_word' id='word_1_298' title='bbox 1397 3782 1401 3822; x_wconf 89' lang='grc'>1</span> 
     </span>
     <span class='ocr_line' id='line_1_43' title="bbox 1398 3866 1401 3903; baseline 0 0"><span class='ocrx_word' id='word_1_299' title='bbox 1398 3866 1401 3903; x_wconf 83' lang='lat' dir='ltr'><strong>t</strong></span> 
     </span>
    </p>
   </div>
   <div class='ocr_carea' id='block_1_14' title="bbox 0 0 1542 4775">
    <p class='ocr_par' dir='ltr' id='par_1_15' title="bbox 0 0 1542 4775">
     <span class='ocr_line' id='line_1_44' title="bbox 0 0 1542 4775; baseline 0 0"><span class='ocrx_word' id='word_1_300' title='bbox 0 0 1542 4775; x_wconf 95' lang='lat' dir='ltr'><strong> </strong></span> 
     </span>
    </p>
   </div>
  </div>
 </body>
</html>
