3075 4775
519 546 547 594 et
563 541 744 595 Ssersmenio
761 502 953 596 eucharistiae.
1137 539 1199 604 433

277 737 309 790 et
332 731 415 806 Deo,
444 728 485 790 de
511 736 563 805 ine
590 731 714 790 miseris
733 731 932 809 conquereris
953 735 985 789 et
1005 728 1107 792 diess:
1139 731 1199 792 Do-

277 813 360 874 mine
381 812 470 891 Iesu,
499 811 571 872 ideo
593 831 613 873 s
634 818 664 873 te
692 813 755 874 hoc
783 818 1006 873 sacromentum
1029 814 1199 874 institutum

277 904 326 956 est
347 902 379 956 et
400 895 439 956 ad
461 915 521 956 nos
543 897 766 975 transmissum,
790 906 822 956 ut
844 897 1034 973 remissionis
1056 904 1198 976 peccato-

277 998 344 1040 rum
368 979 469 1061 perid
492 977 739 1057 certificaremus:
774 979 880 1041 Sentio
903 985 1016 1058 eutem,
1037 997 1129 1060 quem
1152 998 1199 1041 ss·

279 1069 438 1123 cremento
472 1081 551 1142 opus
582 1062 723 1124 habeam.
767 1065 799 1122 1ιι
832 1081 945 1143 magns
976 1071 1104 1142 peeeste
1131 1081 1198 1124 sum

277 1145 453 1226 prolapsus,
469 1153 573 1206 metuo
593 1146 686 1226 igitur
700 1146 846 1206 indicium
857 1153 951 1224 tuum,
964 1153 1005 1206 ‹et
1026 1165 1126 1226 paene
1148 1145 1198 1206 de·

225 1297 230 1300 ,
278 1227 361 1304 flcio,
385 1231 485 1290 sentio
498 1247 548 1288 me
565 1229 772 1307 infirmiorem,
796 1247 887 1308 quem
903 1231 954 1308 qui
970 1230 1096 1290 verbnm
1114 1237 1197 1290 tuurn

277 1311 419 1373 confiteri
441 1311 584 1391 sudeam,
607 1319 653 1372 tot
674 1314 828 1392 tantisque
851 1312 958 1373 leboro
981 1314 1077 1373 vitiis:
1104 1331 1198 1391 qusre

277 1397 371 1457 venio
394 1404 427 1454 ut
449 1414 551 1472 senes,
574 1397 744 1457 consoleris
767 1403 799 1456 et
819 1394 1061 1458 confirmes‘me.

359 1477 422 1539 iem
456 1483 549 1538 entes
582 1499 656 1539 vero
690 1479 812 1555 monui,
848 1480 963 1541 nemini
991 1479 1195 1540 exhibendum

276 1581 347 1623 esse
375 1568 616 1639 sacromentum,
646 1564 704 1622 nisi
731 1563 814 1642 prius
836 1562 1033 1641 indicaverit,
1063 1563 1102 1622 ed
1126 1563 1196 1642 quid

275 1665 314 1706 eo
336 1645 450 1707 hebent
471 1665 565 1726 opus,
590 1665 702 1727 nempe
724 1655 758 1705 ut
780 1652 987 1725 conqueratur
1007 1646 1045 1706 de
1068 1665 1124 1706 suo
1145 1648 1197 1706 mi·

276 1729 357 1789 serio
386 1737 419 1789 et
446 1729 582 1808 peccetis
612 1730 691 1805 suis,
721 1737 755 1788 ot
782 1737 867 1809 petet
896 1729 1142 1790 consolationem
1167 1739 1198 1790 st

276 1809 552 1887 confirmationem,
575 1831 654 1891 quse
676 1820 708 1872 et
728 1832 784 1893 per
806 1812 930 1873 verbum
955 1820 987 1872 et
1001 1832 1057 1892 per
1074 1815 1197 1894 signum

275 1896 467 1975 contingunt.
511 1894 571 1970 Qui
601 1895 683 1955 hunc
710 1897 895 1956 sacrementi
928 1914 1013 1954 usum
1047 1897 1196 1972 nesciunt,

276 1979 319 2038 iiii
355 1997 479 2058 prorsus
514 1978 699 2040 obstinesnt.
743 1979 821 2038 Nem
851 1977 894 2038 illi
924 1978 1016 2038 stulte
1046 1986 1077 2038 et
1104 1980 1198 2058 impie

275 2072 384 2143 egunt,
413 2063 465 2142 qni
495 2069 612 2122 mntem
635 2071 775 2142 tempore
795 2061 950 2142 paschatis
973 2069 1196 2123 sacromentum

275 2153 415 2219 sumunt,
433 2152 470 2205 et
489 2164 525 2205 se
545 2145 626 2206 odeo
649 2147 761 2206 misere
783 2145 974 2221 excrucient,
1003 2161 1071 2224 eum
1095 2153 1196 2211 temen

277 2230 434 2305 nescient,
456 2230 523 2307 quis
541 2231 586 2306 ¹sit
607 2248 697 2290 verns
720 2228 904 2290 sacrementi
928 2247 1010 2289 usus.
1048 2277 1052 2290 ,

358 2312 465 2391 Porro,
486 2311 539 2372 nbi
560 2314 726 2395 sumpseris
749 2319 985 2391 sacromentum,
1007 2329 1070 2372 non
1093 2311 1196 2372 licebit

256 2396 329 2456 ‘tibi
351 2414 422 2456 esse
445 2397 557 2474 otioso,
581 2397 636 2457 sed
657 2416 769 2477 perges
792 2402 924 2473 strenue,
947 2402 979 2456 et
999 2394 1091 2456 fldem
1113 2403 1196 2455 tuem

275 2480 445 2540 exercebis.
476 2478 555 2539 Nam
573 2474 605 2541 ei
620 2482 646 2539 is
664 2481 849 2539 sacrementi
868 2489 914 2539 est
936 2498 1018 2555 usos,
1041 2486 1073 2541 ut
1094 2479 1197 2539 dicere

275 2562 337 2623 hoe
365 2582 437 2623 rete
466 2564 583 2644 possis:
616 2562 724 2624 Hsbeo
747 2562 796 2621 hio
819 2571 958 2641 opertum
980 2562 1123 2640 verbnm,
1152 2582 1196 2623 re·

147 2693 148 2700 ,
221 2683 225 2694 .
275 2646 371 2706 misso
398 2646 472 2706 mihi
499 2665 568 2707 esse
594 2652 734 2727 peccota.
779 2644 905 2725 Signum
935 2662 1059 2723 quoque
1080 2646 1196 2724 occepi,

276 2728 460 2789 manducavi
482 2736 513 2789 et
534 2729 613 2806 bibi,
634 2730 664 2791 id
689 2729 772 2809 quod
794 2735 878 2789 certo
901 2726 1104 2807 comprobare
1127 2744 1197 2807 pos-

275 2832 360 2887 sum,
380 2814 445 2873 -i'eci
473 2814 553 2873 enim
576 2813 606 2874 id
628 2815 659 2873 in
682 2820 852 2893 conspeetu
873 2810 1006 2872 Satanae
1029 2818 1060 2871 et
1082 2809 1196 2871 mundi.

276 2894 352 2956 Gom
369 2914 444 2975 ergo
461 2903 561 2957 morte
578 2904 632 2957 sut
653 2896 845 2957 conscientie
865 2894 1001 2971 tenteris,
1023 2900 1113 2973 potes
1136 2894 1197 2954 hoc

276 2983 471 3041 sacramento
494 2987 525 3039 te
546 2981 666 3061 erigere
687 2980 834 3039 adversus
855 2982 919 3039 tum
943 2976 1104 3053 Setenem,
1133 2985 1195 3037 tum

275 3064 369 3122 etiem
391 3070 530 3143 pecceto,
552 3073 641 3144 potes
656 3081 780 3142 quoqne
797 3070 877 3121 tuem
894 3060 986 3121 fldem
1004 3058 1196 3137 confirmare,
1291 3086 1296 3093 ·

274 3164 313 3205 sc
332 3147 554 3207 conscientiam
577 3146 763 3222 exhilarare,
786 3152 902 3205 utnon
926 3143 1057 3224 emplius
1080 3151 1197 3204 metuet

276 3228 390 3305 Deum,
413 3229 469 3290 sed
490 3239 582 3291 emet.

358 3312 404 3373 ite
419 3312 482 3390 fiet,
503 3319 538 3373 nt
548 3312 588 3373 de
602 3313 653 3372 die
668 3313 700 3372 in
723 3311 805 3372 diem
829 3312 937 3372 melior
959 3309 1104 3388 redderis,
1127 3329 1195 3370 cnm

251 3394 392 3476 ·siioqui
414 3398 533 3457 otiosos
554 3404 586 3457 et
605 3397 737 3477 ignavos
759 3414 887 3476 egeres.¹
923 3392 991 3468 Quo
1021 3394 1102 3454 eninr
1131 3393 1196 3455 lon·

274 3481 343 3559 gius
371 3478 410 3539 sb
438 3480 498 3541 hoe
529 3486 723 3540 sacramento
751 3478 1011 3549 abstinuerimus„
1030 3494 1068 3538 eo
1100 3479 1196 3557 magis

274 3561 431 3623 reddimur
451 3564 548 3643 inepti
569 3562 609 3622 ed
629 3562 661 3622 id
683 3560 907 3641 decipiendum.
941 3558 1032 3635 Quod
1055 3561 1080 3619 si
1102 3561 1196 3640 imps-

275 3652 388 3721 retum,
409 3644 572 3725 infirmnm,
594 3664 724 3706 vscuum
740 3646 815 3705 item
832 3643 893 3703 fide
908 3650 939 3703 te
961 3662 1031 3704 esse
1052 3644 1196 3719 senseris,

274 3748 348 3788 num
379 3745 495 3808 queeso
526 3729 651 3791 aliunde
678 3726 852 3789 confirmari
874 3732 905 3786 te
925 3745 1017 3807 posse
1039 3726 1196 3805 sperabis?

275 3811 355 3871 Num
369 3831 408 3873 eo
426 3830 524 3891 nsque
541 3811 745 3892 exspectabis,
768 3810 870 3871 donee
889 3811 1015 3870 omnino
1034 3811 1076 3869 sis
1093 3826 1208 3889 purus,-

276 3914 314 3954 sc
336 3894 510 3956 absolutam
533 3905 564 3956 et
584 3894 751 3975 perfectam
779 3893 894 3955 hebees
922 3892 1035 3954 iidem?
1064 3892 1149 3970 etqui
1170 3893 1195 3949 si

276 3978 306 4036 id
328 3979 441 4056 isciss,
469 3996 571 4057 neque
592 3977 879 4039 sdsserementum
901 3994 1034 4056 unquam
1056 3973 1196 4051 accedes,

267 4068 307 4127 ei
329 4070 362 4121 nt
383 4062 517 4122 maxime
538 4060 685 4141 accedes,
707 4060 784 4124 nihil
805 4060 837 4121 id
858 4059 913 4123 tibi
935 4058 1079 4139 proderit.

301 4161 396 4202 humori
409 4172 461 4211 opp.
476 4163 502 4204 V.
516 4162 735 4205 studemini.
748 4172 770 4209 p.
786 4160 834 4202 Vol.
850 4160 889 4199 111.
991 4156 1033 4221 28
