3075 4775
317 525 383 596 486
547 524 762 595 spumantia
782 523 999 584 motuum

321 711 425 794 gano,
457 707 557 791 digua
575 710 694 772 sailiaet
714 709 878 790 Theologo
901 727 979 786 vox,
1012 715 1045 770 et
1062 707 1192 771 omniuo
1216 705 1248 768 id

322 791 477 856 mordiens
498 793 605 854 tenuit.

403 876 534 938 Additus
549 877 635 938 Pauli
648 875 684 958 ¹⁵)
698 878 787 937 loous
808 875 848 936 ad
863 874 1000 936 Corinth.
1013 896 1019 936 :
1042 874 1152 936 Salvus
1176 874 1248 948 enit,

322 962 368 1023 sio
389 965 491 1023 tamen
514 961 602 1039 quasi
625 961 816 1040 perignem,
845 959 966 1037 dequo
988 959 1049 1020 sois
1072 964 1105 1018 ut
1127 959 1250 1018 varient

275 1087 278 1093 ·
320 1045 513 1124 interpretes.
556 1043 617 1103 lam
648 1050 678 1103 et
704 1042 766 1104 hoo
787 1043 897 1104 Matth.
911 1041 986 1122 **);
1019 1039 1096 1104 Esto
1116 1060 1248 1102 eonsen-

324 1129 404 1188 tieus
425 1126 603 1188 adversario
627 1132 679 1187 tuo
703 1134 762 1188 ete.
784 1126 824 1187 de
846 1143 987 1202 eernere,
1017 1129 1048 1186 et
1068 1123 1152 1204 quod
1172 1123 1247 1184 dioi-

323 1219 386 1271 tuu:
427 1209 537 1270 Donec
568 1209 697 1270 solverit
728 1217 900 1272 extremum
935 1207 1151 1287 quadrantem,
1185 1207 1249 1268 huo

324 1294 470 1369 detorsit,
497 1291 581 1371 quod
603 1292 690 1352 videa
712 1292 793 1354 unde
816 1299 952 1373 petatur,
988 1298 1018 1352 ot
1040 1293 1071 1352 in
1093 1310 1184 1369 quam
1209 1291 1250 1350 sit

324 1377 439 1437 dietum
461 1375 658 1436 senteutiam.
700 1376 795 1437 Nefas
818 1384 865 1437 eat
886 1384 996 1454 putare
1032 1394 1070 1436 eo
1098 1374 1160 1434 looi
1183 1391 1248 1434 aar·

325 1478 427 1520 aerem
451 1457 490 1518 de
513 1460 690 1537 purgatorio
718 1459 858 1539 intelligi.
905 1459 1023 1520 Vellem
1049 1457 1160 1518 Christi
1183 1456 1249 1535 ple·
1302 1506 1308 1514 .

324 1541 466 1604 betulam
485 1541 604 1603 felisius
627 1541 748 1603 erudiri.
782 1543 862 1602 Nam
884 1544 963 1602 tales
976 1540 1248 1619 interpretationes

324 1626 492 1705 pleraeque
532 1624 655 1705 longius
682 1646 702 1685 a
734 1625 870 1686 fontibus
902 1624 1019 1686 duount
1047 1623 1249 1702 Sariptmam,

325 1727 417 1787 qnam
441 1713 475 1766 ut
495 1709 630 1769 nativam
653 1710 714 1770 vim
736 1710 877 1772 retineat.

405 1790 470 1851 lam
506 1797 537 1850 et
571 1791 632 1852 hoo
665 1793 696 1852 in
722 1791 846 1852 Psalmo
865 1790 942 1864 ***)
976 1809 1033 1870 pro
1068 1789 1249 1868 purgatorio

324 1873 485 1954 produxit:
523 1873 733 1935 Transivimus
771 1894 826 1955 per
857 1875 959 1954 ignom
991 1880 1022 1933 et
1048 1890 1179 1952 aquam,
1216 1879 1251 1930 et

325 1957 431 2018 neseio
453 1975 533 2034 quae
555 1958 620 2036 pari
643 1956 705 2018 lide
727 1958 797 2024 slis.
840 1957 887 2017 De
909 1955 1107 2036 indulgentiis
1129 1955 1251 2018 minore

325 2040 525 2102 contentione
548 2038 734 2118 disputatum
759 2047 823 2114 est,
855 2042 917 2100 imo
946 2041 1005 2110 ipsi
1027 2039 1122 2100 Elooio
1144 2039 1249 2099 ionum

326 2129 359 2182 et
380 2120 485 2182 ludum
509 2121 642 2184 aiebant.

408 2204 457 2264 Ad
480 2222 651 2276 summum,
682 2207 722 2266 de
744 2207 939 2285 poenitentia
960 2215 1062 2266 sotum
1085 2210 1149 2278 est,
1185 2205 1251 2266 eius

325 2287 516 2366 quaestionis
546 2305 675 2367 soopum
697 2289 784 2350 anii
823 2289 1052 2368 enthymemata
1080 2287 1187 2348 neseio
1210 2307 1250 2348 au

325 2369 498 2449 attigerint‚
533 2389 651 2449 poenas
673 2371 792 2451 aliquas
815 2371 1035 2442 satisfaotiouis
1063 2370 1252 2451 probabant,

327 2472 402 2533 quas
430 2451 613 2515 admittebat
644 2455 801 2517 Lutherus.
836 2456 996 2517 ¹Ceterum
1028 2474 1084 2535 pro
1119 2454 1251 2534 singulis

326 2536 461 2619 peccatis
496 2535 534 2597 ad
568 2539 705 2619 singulas
734 2558 860 2618 poenas
881 2539 1009 2617 deposci
1037 2538 1250 2618 poenitentem

327 2641 345 2680 a
367 2620 483 2680 iustitia
504 2618 624 2699 divina,
658 2641 734 2700 quas
754 2623 786 2682 in
808 2628 965 2701 potestate
986 2622 1120 2683 hominis
1142 2620 1182 2681 sit
1203 2640 1250 2680 re-

327 2704 462 2777 mittere,
497 2702 570 2763 mihi
591 2723 646 2783 per
667 2705 736 2764 illas
759 2705 1012 2766 ratiooinationes
1035 2723 1097 2765 non
1120 2720 1250 2783 appare-

327 2786 388 2846 bat.
431 2785 534 2864 Atque
555 2786 635 2848 haeo
657 2787 780 2867 quidem
803 2794 875 2849 sunt
899 2787 1076 2867 potissima,
1109 2805 1189 2866 quae
1219 2788 1251 2845 in

327 2869 558 2928 contentionem
580 2871 670 2930 istam
694 2872 869 2931 universam
892 2870 1081 2944 inuiderunt,
1102 2869 1251 2949 pleraque

327 2952 388 3011 alia
410 2951 508 3031 magis
530 2949 661 3013 ridieula
682 2961 768 3022 sunt,
805 2972 895 3033 quam
931 2960 965 3013 ut
995 2953 1032 3012 iis
1061 2960 1092 3011 te
1120 2970 1251 3013 onerare

327 3034 456 3113 possim,
478 3034 593 3113 alioqui
616 3036 735 3097 ielioius
757 3042 953 3116 oeoupatum.

410 3116 478 3176 Duo
500 3117 608 3197 reliqui
623 3118 689 3179 dies
711 3120 774 3181 dati
798 3124 868 3180 sunt
882 3116 1108 3181 Garolostadio.
1143 3116 1250 3179 Altero
1303 3153 1307 3161 ·

328 3199 367 3258 de
389 3197 495 3276 obite,
516 3206 550 3260 ut
571 3213 699 3278 vocant,
722 3204 841 3283 gratiae
862 3209 963 3263 aetum
986 3207 1048 3279 est,
1077 3219 1170 3279 quem
1192 3200 1251 3261 lar·

326 3283 407 3361 gitur
427 3281 539 3342 Ecoius
561 3304 624 3344 non
648 3286 714 3346 tolli
736 3291 862 3363 natura,
894 3283 949 3345 sed
978 3285 1085 3364 gratia.
1130 3284 1251 3359 Altero,

327 3384 367 3424 an
389 3364 421 3423 in
442 3364 582 3444 quolibet
604 3367 686 3428 bono
711 3387 807 3448 opere
830 3386 1012 3449 pensemus,
1041 3367 1163 3445 dequo
1186 3366 1251 3446 ple-

327 3448 428 3524 risque
452 3464 520 3508 oiim
544 3448 582 3509 ab
604 3450 715 3529 anm,
751 3458 815 3511 tum
838 3470 858 3511 a
876 3449 1093 3513 Oarolostadio
1116 3450 1251 3529 egregiis

328 3529 503 3609 Scripturas
527 3532 603 3592 loeis
626 3541 794 3613 pugnatum
819 3541 874 3595 est.
913 3533 986 3595 Mihi
1008 3534 1181 3594 sanevisus
1200 3540 1252 3593 est

326 3611 440 3673 Paulus
460 3617 478 3676 7
502 3632 527 3674 e.
550 3616 589 3675 ad
612 3616 771 3678 Romanos
793 3617 934 3677 nonnihil
957 3616 1103 3677 adiuvare
1125 3624 1250 3677 senten-

324 3697 399 3755 tiam
423 3695 638 3758 Oarolostedii.
1137 3756 1148 3771 ,,

409 3780 499 3839 Plura
534 3783 700 3861 scripturus
734 3782 797 3845 alio
836 3783 877 3852 ad
911 3783 1104 3845 neeessarias
1137 3801 1251 3861 operas

326 3862 495 3940 avooabar,
527 3882 700 3943 quanquam
722 3865 801 3926 haee
823 3867 955 3927 fortasse
978 3865 1147 3945 prolixiora
1168 3872 1249 3926 sunt.

400 4032 426 4100 *l
448 4033 459 4086 1
481 4032 544 4087 eor.
564 4032 589 4087 a.
622 3988 677 4101 u⁰)
698 4035 791 4089 nauh.
812 4038 837 4092 5.
878 4034 1033 4113 ”ussat
1053 4034 1096 4093 ss.
