3075 4775
378 546 442 615 324
627 548 722 605 Resol.
742 550 771 603 b.
793 564 878 619 saper
896 550 1091 619 Proposttione

456 737 573 801 Ibidem
593 736 809 819 numptius
831 735 965 819 Eulogio
988 735 1183 819 patriarchae
1204 736 1299 799 Alex·

374 822 520 885 andrino:
559 822 644 887 ane
673 822 705 881 in
726 821 919 901 praefatione
942 820 1113 901 epistolae,
1142 839 1236 901 quam
1258 821 1299 881 sd
1379 858 1380 887 v

375 927 424 969 rne
445 910 556 987 ipsum,
579 908 630 985 qui
652 905 804 985 prohibui,
827 905 992 983 direxistis,
1015 906 1168 984 superbae
1191 906 1299 985 appel·
1379 922 1380 941 l

375 990 500 1053 lationis
534 991 682 1063 verbum,
713 989 920 1049 universalem
943 988 1057 1069 Papam
1092 1006 1142 1047 me
1178 986 1298 1067 diuers,

373 1075 548 1154 imprimere
586 1072 725 1133 curastis.
775 1070 865 1147 Quod
902 1078 975 1151 peto
1008 1072 1082 1131 mibi
1118 1071 1298 1133 dulcissima

374 1160 522 1217 sanctitas
546 1165 648 1217 vestra
669 1154 749 1215 ultra
778 1174 842 1216 non
873 1154 985 1231 faciat,
1020 1156 1092 1233 quia
1112 1154 1203 1215 vobis
1228 1154 1297 1215 snb

374 1240 515 1317 trahitur,
535 1238 620 1318 quod
640 1238 728 1299 alteri
749 1237 837 1317 plus,
859 1257 950 1317 quarn
973 1240 1051 1299 ratio
1075 1238 1186 1316 exigit,
1211 1256 1298 1317 prae-

374 1321 471 1384 betur.
514 1322 581 1383 Nec
602 1322 752 1382 honorem
777 1340 846 1383 esse
876 1320 1010 1402 deputo,
1042 1323 1073 1381 in
1096 1339 1159 1399 quo
1187 1320 1297 1381 fratres

375 1426 462 1467 meos
484 1406 633 1465 honorem
647 1424 744 1467 suurn
756 1404 886 1483 perdere
903 1423 1071 1485 cognosco.
1114 1404 1200 1463 biens
1214 1423 1298 1466 nam-

375 1509 435 1569 que
462 1496 510 1549 εει
538 1488 638 1549 honor
668 1488 850 1547 universalis
873 1488 1042 1565 ecclesiae,
1078 1505 1163 1547 meus
1195 1486 1299 1547 honor
1381 1490 1382 1497 ’

375 1580 424 1633 εει
443 1572 568 1633 fratrum
592 1589 730 1631 meorum
753 1570 872 1631 solidus
901 1573 999 1651 vigor.
1046 1570 1132 1631 Tuno
1158 1589 1219 1650 ego
1243 1570 1299 1631 bo·

374 1663 501 1715 noratus
524 1674 601 1732 sum,
623 1673 693 1714 cum
716 1654 845 1735 siugulis
861 1655 1032 1733 quibusque
1054 1652 1154 1715 bonor
1176 1652 1298 1713 debitus

376 1756 438 1799 non
461 1747 599 1817 negatur.
644 1737 675 1797 si
705 1738 790 1797 euim
813 1738 1017 1797 universalem
1051 1756 1164 1817 papam
1194 1745 1299 1797 vestra

375 1823 522 1883 sanctitas
546 1840 594 1881 me
617 1820 699 1898 dicit,
722 1828 816 1900 negat
837 1840 871 1881 se
893 1820 954 1881 hoc
975 1840 1054 1897 esse,
1077 1819 1161 1898 quud
1183 1839 1235 1879 me
1257 1820 1299 1879 fa-

376 1912 465 1984 tetur,
487 1905 674 1965 universum.
719 1903 781 1965 Sed
803 1904 884 1965 absit
903 1904 979 1981 hoc,
1016 1904 1165 1965 recedant
1193 1902 1298 1980 verba,

376 2008 457 2068 quae
481 1989 640 2050 veritatem
663 1985 781 2065 inflant,
804 1994 834 2047 et
856 1989 1015 2047 carimtem
1039 1986 1210 2049 vulnerant.

459 2070 614 2149 Obsecro,
647 2070 718 2150 quid
740 2069 792 2130 hic
812 2070 971 2131 dicemus?
1002 2071 1050 2130 An
1067 2069 1169 2145 adhuc
1190 2088 1298 2151 pecco,

378 2153 461 2232 quod
483 2154 680 2233 frigidissima
702 2154 834 2213 Decreta
856 2154 966 2215 vocavi
994 2153 1167 2232 aliquorum
1185 2152 1298 2213 Roma-

378 2256 486 2297 norum
511 2235 702 2316 pontificum,
723 2236 803 2297 forte
825 2236 1024 2297 confictorum
1045 2236 1225 2297 nominum?
1247 2239 1298 2315 qni

376 2322 435 2379 ista
457 2328 580 2381 secutus
614 2319 780 2381 debueram
815 2320 972 2401 appellare
1006 2318 1100 2381 verbs
1135 2321 1296 2381 veritatem

376 2402 516 2463 inflantia
542 2403 589 2479 (id
613 2411 676 2479 est,
699 2403 799 2465 levem
823 2413 854 2464 et
875 2423 987 2464 vanam
1009 2404 1169 2480 facientia)
1196 2411 1230 2464 et
1251 2423 1298 2464 oa-

377 2489 498 2548 ritstem
510 2487 711 2550 vulnerantis.
735 2486 836 2561 Quid?
852 2489 876 2546 si
895 2506 954 2567 ego
968 2490 1027 2548 ista
1047 2487 1206 2565 dixissem,
1229 2506 1298 2548 esse

378 2570 520 2630 videlieet
542 2591 604 2631 non
627 2570 734 2644 modo,
754 2569 940 2649 inefficacia,
973 2569 1029 2630 sed
1059 2572 1151 2632 etiam
1173 2572 1299 2632 inimica

378 2653 516 2731 veritati,
538 2663 570 2714 ει
591 2655 743 2714 contraria
768 2656 896 2715 ceritati.

461 2736 515 2796 His
537 2736 618 2797 adde
640 2744 671 2797 et
691 2754 784 2799 senas
809 2737 905 2796 ferme
928 2737 1076 2817 epistolas
1099 2738 1132 2798 B.
1156 2737 1299 2818 Gregorii

376 2821 407 2880 in
431 2821 573 2900 Regestis
595 2821 677 2899 suis,
708 2821 818 2897 quibus
849 2822 887 2879 ad
910 2822 1123 2900 imperatorem
1147 2821 1299 2882 Constan-

377 2903 614 2983 tinopolitanum
627 2911 659 2963 et
671 2905 874 2982 patriarcham
890 2904 1026 2968 eiusdem
1045 2906 1193 2966 acerrime
1216 2903 1299 2964 idem

376 2988 584 3066 prosequitur,
618 2994 810 3066 protestans,
842 2987 979 3048 oblatum
1007 2988 1141 3048 fuisses
1165 2987 1299 3048 concilio

378 3068 627 3130 Chalcedonensi
648 3070 791 3132 Romano
815 3069 1052 3150 pontificihunc'
1068 3073 1246 3151 primatum,
1270 3079 1302 3132 et

378 3161 481 3214 tamen
504 3153 629 3213 anullo
652 3164 853 3234 assumptum.

461 3236 553 3311 Quod
576 3237 602 3296 si
623 3236 757 3297 dixerint
780 3239 960 3298 canonistas
976 3237 1101 3314 novelli,
1128 3255 1198 3298 esse
1221 3238 1300 3298 baec

377 3319 541 3400 abrogata,
574 3320 625 3380 vel
646 3340 700 3399 per
722 3322 976 3382 consuetudinem
1007 3321 1153 3397 desiisse,
1184 3322 1300 3400 gratias

376 3423 453 3483 ago,
481 3403 542 3463 boo
569 3403 663 3464 volui.
708 3405 851 3484 Sequitur
869 3424 960 3486 ergo,
992 3405 1075 3484 quod
1102 3423 1165 3465 non
1197 3403 1300 3464 verbis

378 3487 566 3567 evangelicis
588 3495 621 3546 et
642 3490 707 3548 iure
729 3488 833 3549 divino
868 3490 926 3548 iste
955 3491 1102 3568 primatus
1131 3493 1207 3563 stet,
1245 3484 1300 3546 sed

376 3572 442 3630 inre
464 3570 620 3630 bominum
644 3579 675 3631 ει
696 3591 760 3636 εεε,
805 3572 873 3632 Ηοε
895 3572 1034 3654 admitto,
1056 3573 1116 3632 huo
1139 3571 1302 3646 confiteor,

377 3654 528 3733 alioquin,
550 3656 575 3715 si
598 3658 662 3715 iure
684 3655 789 3716 divino
804 3663 908 3735 staret,
932 3675 1086 3735 nunquam
1109 3655 1216 3718 debuit
1238 3673 1301 3713 non

378 3756 447 3798 esse
471 3745 502 3798 et
521 3737 626 3814 fuisse,
650 3746 681 3802 et
702 3750 886 3819 peccassent
901 3740 1070 3800 mortaliter
1085 3739 1134 3798 bic
1155 3736 1300 3818 Pelagius

378 3829 410 3881 et
431 3819 609 3901 Gregorius,
634 3826 713 3884 sicut
736 3834 893 3886 cassantes
915 3829 963 3886 ius
985 3823 1132 3898 divinum,
1155 3827 1186 3881 et
1208 3839 1301 3882 evan·

377 3904 490 3985 gelium
514 3904 728 3981 depravantes.
772 3907 904 3982 Quando
922 3926 995 3988 ergo
1018 3906 1234 3966 iurahumana
1257 3905 1303 3964 sic

378 4008 447 4048 eum
470 3997 629 4067 asserunt,
666 3998 699 4051 ut
726 4011 782 4072 per
813 3995 937 4056 verbum
967 3991 1122 4071 evangelii
1150 3999 1303 4052 conentur

377 4072 523 4151 probare,
545 4091 650 4134 nonne
673 4095 802 4137 neeesse
825 4086 889 4156 est,
912 4087 945 4140 ut
983 4075 1180 4156 frigidissime
1202 4085 1237 4138 et
1257 4080 1301 4138 in·
