3075 4775
357 522 420 593 105
527 527 684 596 mapsam
701 528 813 598 uana
830 528 932 585 sassa
950 546 974 595 a.
995 529 1055 585 xlx
1098 493 1102 499 '

354 684 454 759 niam,
477 682 612 754 breviter
632 682 821 762 discurram,
854 702 933 765 quae
956 686 1097 769 egregius
1118 686 1156 749 D.
1178 686 1215 750 D.
1238 686 1279 749 de

353 766 499 828 hesterna
524 772 555 827 et
568 765 571 774 ’
586 764 736 828 hodierna
756 768 961 848 responsione
983 784 1053 829 mea
1074 770 1278 849 commiscuit,

354 848 405 911 ubi
425 849 505 910 inter
528 855 644 924 cetera,
677 857 822 931 tanquam
854 852 1044 932 consumptis
1068 853 1208 915 omnibus
1232 871 1277 919 ar,

356 933 437 1009 mis,
460 934 646 1013 desperans,
680 935 710 993 in
732 954 826 994 unum
849 932 1009 998 articulum
1032 935 1280 997 Constantiensi's

357 1016 480 1078 concilii
511 1022 681 1077 extremum
703 1016 834 1077 fiduciae
863 1018 1047 1098 praesidium
1070 1018 1221 1095 collocat,
1248 1027 1280 1081 et

357 1096 552 1162 odiosissime
582 1100 695 1180 repetit
716 1105 748 1161 et
769 1102 904 1164 inculcat
917 1110 936 1182 ,‘
955 1103 1042 1183 quasi
1070 1122 1133 1163 non
1155 1102 1281 1165 abunde

355 1186 429 1245 satis
450 1202 542 1265 supra
564 1179 603 1244 ad
613 1184 725 1264 'ipsum
745 1184 785 1244 sit
806 1202 998 1265 responsum.
1021 1254 1023 1260 ,
1042 1184 1150 1247 Dicam
1174 1193 1281 1247 tamen

355 1264 454 1327 adhuc
476 1265 582 1328 semel.
783 1331 786 1341 ,
999 1268 1001 1275 ’
1038 1262 1041 1283 ⁷

433 1348 565 1425 Quando
596 1350 741 1410 articulus
774 1348 813 1410 de
842 1350 986 1431 operibus
1017 1351 1178 1413 hominum
1198 1352 1282 1413 inter

352 1430 515 1506 damnatos
537 1438 737 1508 recensetur,
773 1440 804 1494 et
831 1452 851 1494 a
874 1433 904 1496 S.
930 1434 1025 1495 Paulo
1050 1440 1081 1495 et
1104 1432 1281 1519 Augustino

232 1541 234 1554 ·
351 1518 511 1590 asseritur,
538 1515 650 1577 deinde
674 1536 728 1596 per
749 1515 932 1598 Gregorium
962 1517 1199 1599 Ariminensem,
1220 1538 1281 1599 per

353 1618 462 1661 omnes
482 1599 706 1661 Universitates
739 1615 836 1680 usque
862 1598 955 1660 hodie
983 1600 1175 1679 defenditur,
1213 1620 1282 1664 non

288 1696 293 1705 ²
351 1682 502 1743 movebor
524 1680 725 1744 odiosissimis
746 1682 1002 1746 inculcationibus
1035 1684 1124 1745 huius
1146 1685 1280 1761 articuli,

354 1762 456 1826 donec
485 1766 627 1847 egregius
655 1766 692 1827 D.
720 1766 757 1828 D.
785 1765 984 1848 probaverit,
1022 1766 1185 1829 concilium
1213 1788 1281 1830 non

352 1866 447 1929 posse
469 1868 589 1927 errare,
618 1868 688 1911 non
717 1868 855 1928 errasse,
889 1854 942 1911 aut
966 1849 1059 1921 etiam
1081 1870 1144 1911 non
1166 1870 1281 1931 errare,

351 1946 421 1992 cum
444 1932 607 2002 concilium
628 1932 731 1993 iacere
758 1934 806 1993 ius
835 1931 970 1993 divinum
995 1952 1056 1993 non
1087 1934 1201 2015 possit,
1238 1952 1281 1995 ex

350 2034 399 2094 co,
422 2014 505 2095 quod
526 2022 635 2076 natura
658 2036 714 2077 sua
735 2035 797 2076 non
821 2017 935 2077 estius
958 2015 1110 2093 divinum,
1132 2014 1203 2079 ideo
1227 2037 1283 2079 ne·

348 2117 407 2177 que
429 2098 616 2161 haereticum
638 2106 703 2179 est,
740 2100 800 2159 nisi
832 2098 915 2180 quod
937 2100 1112 2161 contraius
1136 2098 1275 2161 divinum

350 2187 406 2242 est.
428 2182 514 2242 Haec
534 2202 590 2263 pro
611 2183 672 2243 isto
695 2183 834 2271 articulo.
1262 2244 1267 2255 ,

433 2264 525 2340 Quod
556 2264 811 2345 Ohrysostcmum
840 2266 978 2347 legitime
1011 2264 1190 2326 destitutum
1213 2286 1281 2327 car·

351 2346 407 2428 pit,
428 2367 493 2410 non
510 2348 664 2410 intellexit
686 2367 745 2430 me,
769 2367 837 2410 cum
850 2348 932 2411 clare
948 2348 1077 2415 dixerim
1098 2347 1202 2428 hodie,
1223 2369 1284 2431 po-

350 2437 493 2494 testatem
514 2430 676 2494 ordinandi
700 2439 731 2493 et
752 2431 939 2494 destituendi
962 2432 1101 2514 episcopi
1118 2433 1214 2494 fnisse
1235 2432 1280 2495 le-

232 2547 236 2552 ·
350 2514 488 2596 gitimam
519 2517 551 2576 in
573 2515 606 2575 B.
630 2515 785 2597 Cypriano
815 2523 846 2577 et
866 2513 1062 2595 Theophila,
1099 2534 1279 2597 quanquam

352 2616 391 2658 an
413 2596 493 2658 bene
515 2604 578 2658 tum
601 2599 646 2660 usi
669 2600 750 2675 sint,
773 2619 812 2660 an
834 2599 924 2676 male,
946 2599 1006 2659 hac
1024 2601 1180 2678 potestate
1201 2598 1279 2680 legi·

352 2681 439 2760 tima,
468 2680 543 2742 nihil
565 2679 784 2761 disputaverim
799 2681 840 2762 ¹).
884 2679 1003 2742 Sufficit
1026 2681 1108 2758 mihi,
1131 2681 1215 2762 quod
1238 2683 1284 2756 ci-

352 2766 400 2824 tra
420 2765 615 2827 autoritatem
638 2765 769 2825 Romani
783 2755 949 2826 ‘Pontificis
979 2771 1024 2826 tot
1053 2763 1150 2826 sancti
1180 2769 1212 2825 et
1233 2784 1284 2826 ce-

353 2844 507 2923 leberrimi
534 2848 589 2908 viri
605 2846 755 2909 Graeciae
779 2844 1022 2927 catholicissimi,
1049 2867 1112 2908 non
1136 2847 1285 2909 schisma·
1311 2863 1317 2872 ’

352 2931 425 3009 tici,
452 2936 640 3011 potestatem
661 2931 834 2994 habuerunt
856 2930 1019 2993 ordinandi
1042 2936 1073 2991 et
1094 2929 1285 2994 destituendi

353 3031 546 3158 episomam,
567 3097 660 3162 etiam
682 3098 823 3178 egregie,
857 3096 939 3176 quod
975 3097 1120 3176 antiquos
1148 3095 1284 3159 Sanetos

353 3177 593 3254 insimulaverim
617 3177 813 3260 ambitionis,
845 3200 904 3242 nec
924 3179 1076 3261 attendit,
1112 3179 1194 3260 quod
1217 3180 1284 3242 dixi

354 3261 447 3404 attilam
469 3263 512 3384 in²
521 3261 673 3344 apostolis
694 3262 1100 3352 hancfragilitatemiuisse
1117 3271 1285 3343 praesente

403 3345 477 3406 risto
514 3351 541 3420 ].
958 3345 965 3415 ’,

395 3417 409 3428 ”
437 3427 528 3503 Quod
549 3426 701 3488 Plotinam
730 3427 774 3490 ita
802 3447 883 3490 nuno
917 3429 1096 3510 magnifacit
1118 3427 1284 3490 adversum

344 3517 496 3571 'sanotum
517 3510 580 3572 (ire
603 3513 711 3592 orium,
733 3531 804 3573 mea
825 3513 990 3574 autoritate
1012 3513 1086 3573 satis
1109 3512 1205 3573 claret
1220 3515 1284 3574 cui-

355 3592 431 3654 libet
451 3594 501 3654 vel
522 3530 718 3655 mediocriter
736 3597 911 3676 ingenioso,
931 3595 1002 3676 quid
1015 3593 1188 3657 concludat.
1211 3595 1284 3678 Ego

247 3718 250 3722 -
358 3677 439 3738 enim
462 3697 502 3738 ex
525 3676 644 3739 Platina
666 3678 808 3738 historias
832 3679 970 3760 accipio,
1003 3685 1034 3739 et
1055 3697 1118 3739 non
1140 3679 1286 3759 amplius.

357 3757 449 3835 Quod
484 3762 586 3830 autera
614 3759 704 3821 'idem
738 3760 858 3824 Plotina
883 3763 1019 3823 rationes
1049 3760 1197 3845 quasdam
1232 3762 1306 3841 ad·¹

393 4040 425 4106 1)
445 4038 477 4093 In
496 4037 538 4092 ed.
554 4039 669 4110 cripta:
689 4039 895 4110 disputaverit.‹
916 4041 946 4114 3)
966 4039 1055 4127 Ibida,
1068 4039 1237 4099 Christiano.
