3075 4775
229 492 234 508 Ι
310 488 320 511 ⁸
340 528 403 597 234
582 530 673 592 ΒΜῙ·
695 530 721 583 11-
736 500 834 598 'super'
845 527 1029 597 mopotiuon.

341 740 401 801 qua
419 718 700 801 pluriamrlloaius,
722 718 934 799 gloriatusque
954 737 1043 780 suum
1064 717 1262 793 fermentum,

342 803 422 884 quod
451 804 570 884 negatis
601 803 664 865 fere
687 802 830 877 omuibus
852 802 1048 865 saholastieis
1070 800 1262 873 doctoribus,

341 902 418 967 quos
441 886 583 948 tutandos
606 895 821 966 susceperant,
850 905 919 949 oum
946 885 1164 951 eeclesiastiais
1187 902 1262 945 eon·

332 972 502 1033 'sentimus
539 1006 541 1013 ι

423 1052 484 1115 Sed
507 1061 539 1113 et
560 1070 617 1113 nos
643 1052 884 1133 Vuitembergae
905 1050 1078 1114 emebamus
1100 1050 1264 1112 seholasti·

342 1156 396 1201 oos
418 1137 578 1213 deuteres,
607 1137 722 1197 sicum
744 1136 879 1198 tenebris
902 1136 986 1214 suis,
1006 1134 1037 1195 id
1060 1140 1122 1212 est,
1145 1133 1265 1195 lumine

341 1227 468 1284 naturae
509 1217 676 1281 seeundum
709 1218 853 1294 Eoeium,
892 1218 1061 1281 Aristotele
1100 1224 1265 1297 negentur,

341 1322 435 1385 posse
459 1303 641 1365 eonvenite.
658 1322 730 1363 oum
758 1302 989 1365 eeclesiastieis.
1033 1302 1147 1363 Verum
1179 1300 1266 1362 hane

267 1423 270 1427 ›
341 1386 473 1467 negandi
493 1387 662 1455 rationem,
692 1392 727 1450 st
744 1406 800 1465 per
822 1386 1020 1465 negationem
1051 1382 1265 1445 concordandi

342 1468 579 1549 Vuitembergae
602 1469 800 1548 ignorantes,
821 1468 943 1547 Lipsiae
965 1468 1144 1545 didieimus,
1165 1485 1263 1546 quam

342 1560 373 1615 et
390 1552 448 1615 tibi
470 1559 501 1612 st
522 1552 664 1613 omnibus
687 1552 738 1631 qui
761 1551 886 1628 volunt,
914 1570 991 1613 eoae
1019 1551 1149 1614 libenter
1177 1568 1264 1611 eom-

342 1656 465 1697 munem
485 1635 624 1698 lauimus.
658 1634 801 1711 Primum,
822 1641 856 1696 ut
876 1636 907 1693 in
929 1633 1060 1697 exordio
1081 1634 1264 1713 disputatio·

342 1721 390 1779 nis
425 1718 553 1779 alieuius
591 1717 673 1779 diota
708 1718 829 1779 fortiter
855 1719 1033 1799 impugnes,
1073 1722 1265 1797 protestatus

343 1804 434 1863 etiam
455 1821 513 1881 per
538 1800 676 1881 publicas
695 1800 844 1877 schedas,
872 1807 905 1861 te
925 1808 1034 1863 eontra
1055 1820 1167 1862 novam
1191 1800 1266 1860 doe
1332 1854 1341 1868 ,

342 1888 451 1945 trinam
474 1903 530 1965 pro
542 1886 670 1945 veritae
690 1882 762 1945 fidei
785 1891 816 1943 et
836 1884 955 1945 honore
971 1884 1001 1944 S.
1013 1884 1165 1943 eoelesiae
1186 1902 1265 1964 pug-

342 1977 502 2042 naturum,
529 1968 574 2027 ita
604 1973 637 2027 ut
659 1974 779 2027 montes
802 1968 949 2046 parturire
970 1973 1130 2047 putentur,
1158 1973 1264 2026 umen

343 2053 373 2113 in
393 2052 523 2131 negotio
555 2050 667 2112 sensim
698 2058 730 2111 et
755 2049 886 2111 subdole
909 2050 1043 2123 sedena,
1073 2069 1112 2111 ne
1143 2051 1212 2128 quis
1234 2055 1266 2109 ts

342 2137 455 2196 vietum
489 2133 614 2207 sentiat,
643 2133 724 2194 idem
748 2139 926 2195 eoustenter
948 2132 1099 2209 affirmes,
1121 2139 1153 2192 et
1174 2131 1267 2193 simul

343 2219 456 2279 vieinse
486 2216 635 2297 glorieris.
677 2215 799 2277 Deinde
821 2216 916 2277 multa
938 2215 1125 2278 confidentia
1146 2214 1263 2295 fingen-

344 2300 415 2361 dum
438 2298 491 2359 tibi
511 2305 579 2377 est,
617 2298 731 2359 nullum
755 2319 878 2377 eorum,
909 2300 961 2377 qui
983 2298 1109 2374 adsunt,
1150 2298 1267 2359 habere

343 2383 394 2444 vel
433 2383 613 2460 memoriam
644 2382 694 2443 vel
717 2402 841 2444 sensum
864 2401 1080 2458 communem,
1106 2390 1141 2445 ut
1167 2380 1267 2443 libere

345 2487 440 2546 queas
462 2465 573 2544 disere,
596 2473 626 2526 ts
647 2466 687 2526 ab
709 2467 797 2528 initio
819 2467 863 2526 ita
879 2467 1023 2544 sensisse,
1046 2472 1077 2526 st
1097 2465 1180 2526 hano
1201 2485 1268 2526 non

222 2593 225 2600 ·
344 2569 469 2624 novam,
493 2549 547 2608 sed
568 2541 703 2609 veterem
726 2569 797 2611 esse
818 2549 1010 2626 doctrinam,
1031 2549 1106 2609 nihil
1129 2555 1269 2610 moratus

344 2634 477 2707 interim,
498 2633 526 2692 ei
548 2633 685 2692 amiseris
703 2639 801 2698 totum
813 2631 1164 2710 exereitum'doatomm,
1187 2651 1268 2710 quos

345 2715 511 2778 defendere
535 2733 751 2794 proposueras.
784 2716 886 2794 Atque
913 2715 964 2776 hie
985 2715 1107 2793 quidem
1132 2721 1181 2775 est
1202 2735 1268 2776 mo·
1295 2708 1308 2728 ⁸

345 2799 402 2860 dus
423 2807 456 2860 et
473 2804 605 2861 eventus
624 2798 904 2861 Carolostadiauae
931 2806 962 2858 et
980 2798 1137 2858 Eeeiauae
1164 2796 1268 2877 dispu-

239 2911 248 2934 ·
343 2883 481 2944 tationis.

429 2965 504 3026 Post
530 2964 608 3024 haee
629 2981 749 3024 meorum
779 2982 964 3043 oongressus
993 2969 1041 3024 est
1075 2962 1114 3023 de
1135 2964 1269 3042 primatu

345 3049 434 3110 Rom.
446 3045 630 3127 pontidois,
651 3045 692 3106 de
713 3048 912 3126 purgatorio,
930 3046 971 3106 de
991 3045 1210 3126 indulgentiis,
1225 3045 1269 3106 de

345 3131 553 3212 poenitentis,
581 3129 623 3190 de
651 3135 805 3208 potestate
832 3128 1012 3190 absolvendi
1034 3126 1269 3192 ouiuslibet'sa·

346 3214 489 3274 oerulotis.
509 3213 544 3272 ln
567 3211 676 3291 quibus
686 3212 831 3280 omnibus
850 3210 925 3291 quid
946 3212 1119 3287 feeerimus,
1141 3230 1198 3272 suo
1223 3213 1266 3272 vi·

347 3297 469 3358 debitur
491 3296 550 3356 die.
572 3295 649 3356 Nam
663 3291 704 3356 de
716 3315 765 3356 me
787 3296 908 3374 persius
930 3296 1002 3356 mihi
1024 3294 1187 3356 dieendum
1206 3299 1272 3365 est,

348 3401 388 3440 ne
410 3379 483 3440 nuti
505 3377 721 3459 praeoo‘tiam.
764 3379 889 3440 interim
917 3378 979 3438 hoe
1006 3377 1097 3454 dieo,
1124 3376 1206 3456 quod
1227 3378 1271 3461 de

345 3464 540 3544 poenitentis
562 3469 593 3522 et
614 3463 792 3542 purgatorio
814 3463 882 3540 ipse
902 3480 1002 3540 paene
1025 3463 1270 3541 ignoro,.quau-

347 3555 410 3606 tum
442 3545 690 3606 dissenserimus.
718 3544 805 3604 Nam*
819 3545 1056 3623 poeniteutiam·
1071 3545 1209 3623 insipere
1226 3544 1270 3606 ab

348 3645 455 3690 umore
472 3628 619 3700 iustitiae,
641 3626 795 3688 laudabile
816 3627 940 3706 quidem
952 3646 1031 3699 esse,
1053 3627 1108 3688 sed
1130 3646 1193 3688 non
1215 3647 1282 3688 ue-·
1308 3633 1311 3638 '

349 3712 515 3773 oassauium
542 3711 653 3772 uoluit.
696 3709 787 3784 Quod
815 3729 880 3791 ego
911 3711 1038 3770 omnino
1059 3711 1270 3777 neeessarium

345 3813 452 3856 assero
484 3814 584 3872 usque
609 3793 732 3870 adhue,
762 3812 830 3854 oum
856 3799 933 3854 'ante
953 3795 1083 3872 gratnm
1101 3795 1200 3872 (quae
1222 3802 1273 3854 est

348 3877 477 3958 oaritas)
504 3896 566 3938 non
590 3878 689 3956 possit
709 3876 775 3936 fieri
796 3876 890 3952 ullum
914 3895 991 3956 opus
1014 3876 1148 3950 bonum,
1170 3886 1204 3936 ut
1224 3877 1270 3956 ip·

350 3967 448 4022 semet
481 3965 683 4024 conoesserat
732 3959 834 4020 Causa
866 3958 983 4020 dissidii
1013 3959 1089 4020 mihi
1118 3960 1184 4020 viso
1211 3967 1270 4036 est,

351 4043 432 4124 quod
455 4043 509 4106 ille
525 4041 633 4104 multis
654 4040 869 4106 autoritatibus
889 4041 1023 4106 induetis
1041 4043 1271 4124 poenitentiam
