3075 4775
372 537 435 605 158
474 564 477 571 ·
541 540 698 610 Disputatio
718 542 828 610 Lipsiae
842 540 982 625 habitata
1003 540 1061 595 XIX

492 773 708 871 Rosius
756 772 856 861 per¹
893 752 1165 876 S‘oliedam

591 928 996 1042 responditX1.Julii
1019 930 1063 1013 1).

451 1096 627 1157 solutiones
652 1096 812 1156 reverendi
836 1096 931 1156 Patris
962 1102 1112 1179 apparent
1141 1096 1217 1156 mihi
1248 1098 1289 1157 in-

368 1178 563 1258 sufficientes,
584 1180 777 1258 potissimum
800 1178 882 1258 quod
895 1172 1098 1259 Augustinum
1120 1179 1206 1241 dieat
1229 1200 1289 1240 uon

368 1264 451 1341 loqui
474 1262 513 1322 de
534 1262 730 1345 purgatorio,
760 1281 828 1322 oum
852 1264 984 1322 maxime
1007 1263 1038 1323 id
1061 1268 1149 1343 agat,
1171 1262 1291 1323 soilioet

369 1346 408 1405 de
428 1346 615 1427 purgatorio,
659 1344 767 1424 Neque
789 1346 963 1426 negandum
984 1350 1056 1424 est,
1088 1348 1209 1407 animas
1241 1346 1290 1406 de-

365 1430 539 1489 functorum
560 1428 675 1512 pietate
697 1448 820 1488 suorum
849 1430 1013 1489 viventium
1035 1428 1184 1510 relevari,
1221 1448 1289 1489 oum

367 1532 424 1594 pro
447 1513 508 1571 illis
530 1510 712 1571 sacrificium
736 1510 913 1572 mediatoris
927 1510 1065 1592 offertur,'
1084 1513 1134 1574 vel
1155 1513 1287 1573 eleemo-

342 1607 465 1677 ‘synae
487 1597 518 1654 in
541 1595 672 1655 ecelesia
693 1592 779 1675 fiunt,
801 1594 856 1655 sed
878 1596 955 1655 haee
977 1597 1021 1655 eis
1045 1604 1183 1679 prosunt.
1230 1595 1287 1672 Qui

273 1748 278 1760 ,
368 1698 438 1739 aum
461 1681 607 1753 viverent,
630 1678 762 1738 ut'haeo
784 1677 841 1737 sibi
863 1686 973 1759 postea
1005 1678 1133 1741 rodesse
1155 1681 1287 1761 possint,

368 1769 550 1822 meruerunt.
593 1760 650 1821 Est
671 1762 753 1820 enim
772 1762 894 1821 vivendi
916 1781 966 1822 mo
990 1782 1035 1842 ue,
1059 1782 1118 1823 neo
1139 1767 1204 1825 tam
1237 1761 1288 1823 bo-

367 1868 445 1924 nus,
474 1851 507 1905 ut
534 1864 596 1903 non
619 1845 754 1924 requirat
774 1845 834 1904 ista
856 1850 928 1925 post
952 1852 1097 1931 mortem,
1135 1865 1195 1907 neo
1227 1852 1287 1905 tam

369 1929 487 2007 malus,
520 1936 553 1987 ut
572 1928 599 1987 ei
623 1947 685 1986 non
707 1929 827 2006 prosint
854 1936 925 2007 post
947 1936 1086 1991 mortem.
1131 1928 1287 2003 Quocirca

368 2014 418 2073 hio
440 2031 531 2073 omne
547 2012 686 2069 meritum
702 2020 906 2091 eomparatur,
929 2031 989 2091 quo
1005 2014 1103 2092 possit
1115 2020 1187 2093 post
1211 2013 1289 2072 hano

368 2098 461 2155 vitam
484 2094 614 2155 relevari
626 2094 778 2174 quispiam
793 2094 842 2153 vel
855 2096 984 2175 gravari.
999 2096 1012 2155 l
1034 2115 1124 2177 nuno,
1146 2095 1289 2171 Luthere,

367 2186 399 2239 et
422 2179 472 2239 dio
493 2179 697 2257 Augustinum
720 2176 771 2235 hie
793 2197 856 2237 non
881 2176 919 2237 de
940 2180 1117 2259 purgatorio
1139 2176 1286 2241 loentum.

369 2249 376 2279 ⁸
450 2262 613 2321 Praeterea
645 2279 707 2320 nou
739 2260 851 2339 probat
880 2260 919 2321 ad
950 2262 1139 2323 deletionem
1165 2260 1285 2346 peceati

370 2344 632 2424 venialisrequiri
655 2350 854 2424 augmentum
876 2346 1014 2425 gratiae.⁴
1045 2344 1178 2423 Fateor,
1217 2364 1286 2424 augf

368 2437 504 2490 mentum
514 2429 631 2510 gratiae
647 2428 755 2488 tollere
769 2427 935 2508 aliquando
949 2429 1092 2508 venialia,
1115 2429 1170 2512 seul
1195 2430 1285 2490 etiam

369 2513 491 2573 veniale
513 2511 628 2572 tollitur
650 2511 882 2590 satispa'ssione.
922 2511 1010 2574 Unde
1022 2511 1193 2593 Apostolus
1216 2511 1286 2572 alle·

370 2603 458 2677 g'atus
477 2595 609 2669 Roman·
628 2599 658 2658 7.
692 2605 754 2655 'non
789 2595 922 2674 loquitur
954 2596 992 2658 de
1015 2597 1126 2656 veniali
1147 2602 1287 2678 peceato,

370 2698 463 2760 porro
486 2680 511 2738 si
534 2678 719 2758 loqueretur,
741 2679 994 2758 salispassionem
1015 2699 1078 2740 non
1100 2679 1286 2740 excluderet.

298 2773 301 2778 ’
371 2762 413 2822 At
433 2761 471 2822 de
494 2763 559 2822 eius
582 2781 745 2840 consensu,
768 2761 853 2821 velut
873 2763 1098 2844 impertinente,
1120 2763 1196 2823 nihil
1219 2761 1285 2822 dico

370 2848 401 2906 in
423 2846 606 2927 praesentia.
630 2844 769 2923 Veniale,
792 2844 901 2924 fateor,
925 2845 1062 2924 offendit,
1085 2846 1139 2908 sed
1162 2839 1284 2907 veniali-

298 2933 307 2948 ‘
371 2938 425 3007 ter,
448 2930 520 3009 quia
542 2928 699 2988 hominem
721 2929 752 2986 in
775 2927 847 2991 odio
870 2929 927 2990 Dei
949 2950 1010 2991 non
1034 2932 1209 3006 coustituit,
1231 2944 1286 2988 nee

370 3014 527 3073 inimicum
549 3011 606 3072 Dei
627 3008 715 3089 satit,
744 3010 826 3090 quod
859 3013 995 3094 alioquin
1018 3033 1086 3073 oum
1109 3015 1209 3095 gratia
1230 3007 1285 3072 sta·

370 3103 435 3174 ret,
457 3095 528 3156 ideo
551 3095 582 3154 in
604 3096 781 3174 purgatorio
805 3095 920 3158 habent
941 3097 1063 3177 quidem
1085 3105 1216 3178 peooata
1238 3112 1283 3154 ve-

372 3179 465 3240 nialia
487 3179 563 3238 eitra
583 3178 782 3239 inimicitiam.
795 3179 862 3241 Dei.

454 3261 495 3322 At
516 3261 599 3341 quod
621 3268 763 3321 causatur
789 3282 838 3321 me
867 3270 1010 3344 torquere
1032 3265 1211 3325 autoritates
1234 3279 1285 3342 peu

372 3345 502 3427 oapillos
524 3344 794 3425 suprapositum,
817 3345 999 3427 dispeream,
1021 3349 1047 3408 si
1068 3354 1134 3408 tota
1154 3345 1284 3425 disputa-

372 3430 456 3490 tione
478 3428 528 3489 vel
550 3449 641 3490 unam
656 3428 818 3490 adduxerit
839 3432 1033 3492 autoritatem
1050 3437 1111 3491 tam
1136 3433 1283 3512 pertinen·

372 3523 443 3592 tem,
467 3514 545 3572 siout
566 3532 625 3594 ego
646 3513 696 3572 hio
718 3513 842 3574 adduxi.
881 3505 942 3576 sed
968 3515 1029 3577 hoa
1058 3514 1194 3598 iudicent
1215 3509 1284 3574 iudi-

372 3617 442 3677 ces,
463 3616 526 3657 non
546 3597 704 3659 Lutherus.
1195 3669 1196 3676 ἵ

337 3712 344 3723 ·
455 3680 642 3762 Indignatur,
665 3699 718 3740 our
739 3687 806 3750 non'
825 3688 856 3741 et
873 3677 1068 3762 'Augustinus'
1088 3691 1119 3746 et
1140 3683 1283 3760 Hierony-

373 3768 439 3825 mus
462 3765 577 3825 eausati
600 3764 660 3822 sint
680 3763 748 3824 hoo¹
761 3763 920 3838 latibulum
935 3767 1183 3844 haeretieorum,
1207 3761 1283 3846 quod

287 3907 291 3915 ,
371 3848 450 3928 dixi3
472 3847 554 3909 bone
576 3845 674 3924 Deus,
694 3849 722 3906 si
744 3867 807 3908 non
830 3847 943 3928 ubique
964 3849 1077 3912 elamet
1098 3845 1282 3933 Augustinus

664 3989 792 3996 Μ...

409 4078 450 4159 1),
461 4077 597 4132 Loescher
614 4077 660 4132 hia
674 4093 716 4134 aa
733 4030 879 4133 altatus
898 4077 1027 4136 adnotat:
1046 4079 1118 4135 hora
1134 4083 1235 4150 prima
