3075 4775
446 522 451 530 Ι
511 561 688 616 sponsus
705 565 832 630 excepta.
1120 556 1162 628 93

319 745 413 821 Quod
432 760 510 823 pero
533 746 675 826 egregius
696 745 851 808 aurose
868 744 1121 811 munatrulism
1137 746 1160 808 1.

243 830 529 892 exeommunioasse
550 828 714 890 Aroedium
735 829 974 908 imperatorem,
990 830 1067 892 nihil
1088 830 1162 892 faoit

243 912 378 976 adrem.
414 913 494 974 Nam
529 919 560 973 et
580 913 756 975 Bonifatius
781 911 858 974 VIII.
886 919 980 976 ausus
1001 920 1050 976 est
1069 921 1102 978 et
1126 913 1157 994 ¹)

242 1015 344 1077 regem
366 997 555 1058 Francorum
577 995 657 1057 velle
679 1015 696 1058 e
718 993 793 1056 sede
814 995 934 1058 eiieere.
957 997 1028 1061 Non
1050 997 1160 1077 proha,

243 1086 287 1146 tur
306 1083 355 1140 ius
378 1099 459 1158 esse,
481 1078 627 1158 quidquid
650 1080 739 1141 Rom.
761 1077 927 1140 Pontifices
948 1099 1004 1159 pro
1026 1081 1161 1146 humana

242 1163 406 1244 fragilitate
429 1163 614 1243 quandoque
637 1167 840 1232 tentaverunt.
883 1163 950 1226 Neo
972 1165 1082 1224 mirum
1102 1170 1161 1242 est,

243 1254 367 1318 muetos
400 1248 477 1308 istos
511 1248 592 1308 viros
620 1245 801 1308 ambitionis
830 1247 1008 1308 tentatione.
1029 1253 1160 1311 vexatos

243 1329 344 1410 luisse,
369 1329 492 1408 quando
505 1331 573 1410 plus
586 1327 678 1408 quam
701 1328 798 1390 semel
819 1331 1005 1390 sanctissimi
1027 1329 1162 1409 apostoli

243 1415 335 1474 etiam
357 1419 522 1492 praesente
545 1413 666 1476 Christo
688 1413 908 1474 laboraverunt
929 1413 1047 1476 eadem.

323 1496 417 1571 Quod
449 1496 522 1558 dioit
548 1497 697 1576 episeopo
728 1495 1013 1577 Hierosolymitano
1057 1497 1161 1558 damn

243 1579 369 1642 honoris
391 1581 655 1662 praerogativam,
677 1587 760 1642 reate
782 1579 867 1659 dieit,
888 1580 944 1648 sed
965 1600 1029 1642 non
1051 1579 1162 1661 probat

244 1665 408 1743 primatum
431 1664 520 1724 Rom.
543 1661 710 1742 Pontifieis‚
733 1661 874 1724 saltem
865 1683 930 1724 rure
953 1663 1059 1725 divino
1082 1683 1161 1726 esse.

323 1747 427 1808 Etiam
454 1747 497 1809 ibi
519 1748 634 1828 optime
657 1747 730 1815 dioit
759 1747 901 1828 egregius
930 1747 968 1808 D
990 1748 1043 1825 D.,
1078 1747 1161 1826 quod

244 1836 331 1892 sexta
354 1830 491 1910 synodus
520 1829 605 1890 dedit
625 1831 785 1890 Romanae
806 1829 967 1891 Eoelesiae
988 1832 1161 1913 primatum,

244 1933 303 1974 non
316 1922 423 1994 auterp
435 1913 657 1994 praesedentes
680 1913 799 2009 synodi.
821 1911 891 1975 Hos
905 1920 954 1974 est
974 1915 1054 1975 enim
1077 1914 1161 1993 quod

244 1997 337 2076 volui,
361 1997 445 2076 quod
466 1997 625 2078 synodieis
647 1998 768 2058 stetutis
789 2004 821 2057 et
840 1996 999 2061 humano
991 2017 1067 2075 rure,
1090 2015 1161 2060 oon·

244 2101 334 2142 sensu
356 2077 493 2142 fidelium
517 2079 654 2162 Christi,
677 2082 726 2143 oui
747 2099 811 2142 non
833 2080 906 2141 lioet
925 2081 1085 2178 resistere,
1107 2080 1162 2142 da-

244 2174 288 2224 tus
310 2165 353 2225 sit
372 2165 434 2224 iste
455 2165 612 2244 primatus
646 2127 738 2238 ’Quod
760 2171 792 2224 et
812 2164 849 2226 D
871 2164 1068 2245 Gregorius
1060 2184 1092 2226 ιι
1114 2184 1166 2226 re-

243 2247 370 2328 gistro
361 2267 394 2308 ru
416 2247 495 2308 haee
517 2247 611 2308 verbe
630 2247 726 2308 dixit:
740 2247 861 2326 Scitis,
882 2247 964 2328 quod
986 2249 1166 2320 veneranda

244 2331 382 2412 synodus
405 2330 667 2393 chaloedonsnsis
688 2330 759 2393 huie
780 2329 973 2412 apostolieae
1007 2331 1074 2395 sedi
1107 2332 1161 2396 oh·

165 2414 173 2423 “
244 2416 528 2496 tulittprimatum,
560 2422 722 2476 ettamen
752 2416 853 2481 nullus
886 2416 1161 2496 praedeeessorum

245 2518 380 2562 meorum
405 2517 537 2578 unquam
559 2501 799 2579 praesumpserit
817 2506 989 2581 aooeptare.
1027 2493 1161 2562 Proinde

244 2584 315 2645 nihil
345 2583 435 2679 feeit,
464 2582 548 2678 quod
575 2582 776 2665 egregiusD
799 2583 836 2644 D.
858 2582 952 2661 dieit,
977 2582 1161 2664 Gregorium

244 2686 303 2729 uon
325 2667 473 2727 reiecisse
496 2666 675 2745 primatum,
696 2666 751 2727 sed
774 2668 952 2735 asseruisse.
972 2666 1070 2747 Legat
1091 2667 1160 2761 pius
1198 2709 1213 2744 ,-

243 2750 340 2812 leotor
366 2749 525 2845 Epistulas
545 2748 706 2830 Gregorii,
743 2757 786 2811 et
810 2751 947 2820 inveniet
976 2749 1039 2845 (ire
1062 2750 1161 2812 orium

244 2833 436 2913 prohibuisse
459 2834 632 2928 primatum,
655 2795 925 2897 etdeouulenioum
947 2852 1038 2913 pon
1058 2844 1161 2898 uatum

244 2937 303 2979 uon
325 2913 530 2995 vendieass'e,
559 2924 593 2978 ut
613 2936 653 2978 ex
674 2935 766 2997 supra
788 2916 893 2979 relatis
916 2915 986 3021 dist.
1008 2906 1058 2983 95.
1087 2917 1162 2978 satis

245 3001 453 3080 probavimus.
1198 3014 1212 3023 ‘

322 3082 375 3143 Ad
397 3084 592 3145 autoritatem
605 3082 779 3163 Augustini,
801 3082 1164 3153 aulnnoeeuriumssom.

245 3165 423 3247 pontilioem
436 3173 468 3227 e't
477 3166 566 3229 huius
587 3166 627 3227 ad
639 3167 725 3227 illum
738 3166 930 3246 respondeo:
953 3168 1050 3254 Legat
1062 3166 1164 3235 leetor.

245 3252 400 3330 utriusque
422 3248 525 3325 verba,
546 3255 578 3314 et
597 3249 721 3327 iudioet,
743 3270 824 3314 anne
846 3248 1089 3331 egregiustD
1106 3269 1161 3315 no

246 3354 296 3395 ms
318 3333 573 3430 siguilioationes
585 3296 744 3396 vossbur’is
765 3336 920 3414 imposuit.
990 3395 993 3404 ,

324 3419 372 3479 De
395 3418 504 3497 viginti
525 3415 644 3479 duobus
666 3419 755 3479 annis
777 3418 932 3482 eoolesiae
957 3425 1029 3482 ante
1051 3418 1164 3483 asma

246 3521 313 3561 nam
336 3501 432 3574 dixit
464 3518 533 3563 eum
555 3500 647 3565 Petro
668 3501 762 3563 fuisse
790 3502 969 3563 translatum
999 3503 1164 3581 primatum

246 3584 282 3644 ad
306 3585 450 3661 Romam,
471 3584 669 3655 fortovolens
681 3584 980 3665 shooproverhiums
998 3584 1055 3646 Ubi
1070 3604 1162 3665 papa,

246 3668 283 3729 ibi
299 3669 411 3729 Roma
434 3668 633 3748 Respondeo,
654 3667 832 3747 probandus
853 3675 924 3729 erat
939 3670 1087 3749 primatus
1109 3670 1161 3747 qui

247 3752 478 3833 transferretur,
520 3772 584 3818 non
616 3753 793 3832 translatio,
826 3771 917 3831 quam
951 3752 1052 3813 libens
1085 3771 1162 3826 eon,-

164 3840 332 3903 .oedo.
419 3880 464 3899 ι,

269 4000 385 4009 ----—-

279 4104 309 4168 1)
328 4102 360 4156 ln
379 4100 424 4156 ed.
441 4101 503 4155 ten.
523 4104 551 4154 et
567 4114 614 4168 ap.
631 4096 747 4155 Loaseh.
767 4096 857 4160 dossts
876 4102 914 4149 st
939 4143 942 4150 .
