3075 4775
523 534 557 592 de
573 533 759 593 'sacramento
777 539 917 609 baptismi.
1009 464 1014 473 Ι
1127 534 1189 606 395

267 730 299 785 ut
320 732 352 785 et
372 724 568 807 demergamur
596 746 673 807 puer
700 727 731 787 in
768 742 881 804 aquam
910 732 941 786 st
971 744 1074 788 rursus
1097 732 1189 792 retra·

347 890 469 969 Tertio,
498 892 596 974 figura
616 912 673 953 seu
694 892 879 974 signifieatio
902 892 1045 973 baptismi
1073 912 1111 953 sa
1133 899 1190 971 est,

265 981 299 1035 ut
319 974 542 1037 mortificentur
562 978 661 1057 primo
685 983 828 1060 pseeeta,
851 982 921 1056 post
944 982 977 1037 ut
995 994 1190 1056 resurgamus

264 1059 471 1138 pergratiam
494 1060 573 1137 Dei,
601 1067 636 1120 ut
662 1067 751 1122 vatus
772 1060 892 1135 homo,
919 1060 970 1139 qui
1000 1060 1031 1121 in
1054 1058 1190 1138 peeoatia

265 1148 435 1220 ooneeptus
458 1148 489 1202 et
510 1143 681 1221 editusest,
705 1149 789 1205 totus
811 1142 1023 1223 demergatur,
1047 1149 1079 1203 et
1099 1140 1189 1222 prod.-

265 1231 319 1287 eat
340 1243 438 1287 novus
459 1226 565 1304 homo,
587 1232 711 1292 renatus
733 1226 940 1307 pergratiam
962 1226 1029 1287 Dei.

348 1306 401 1368 Sia
428 1308 458 1370 S.
491 1310 602 1371 Paulus
630 1309 670 1370 ad
692 1311 793 1371 Titum
824 1312 852 1374 3.
886 1315 977 1371 vocat
1005 1308 1188 1388 baptismum

265 1390 421 1452 lassorum
456 1395 700 1474 regenerationis
731 1413 769 1453 ae
797 1394 1024 1468 renovationis,
1053 1391 1189 1470 quadiu

265 1493 304 1535 so
328 1474 453 1535 lavaero
475 1496 693 1556 regeneremur
714 1484 747 1538 st
767 1496 962 1539 renovemur.
986 1475 1038 1538 Sia
1051 1474 1189 1544 Christus

265 1574 390 1635 qnoque
411 1558 521 1622 Johan.
546 1563 573 1625 3.
598 1560 686 1622 dicit:
715 1560 782 1620 Nisi
805 1561 871 1640 quis
893 1566 1017 1621 renatus
1040 1558 1129 1619 fuerit
1149 1576 1189 1628 ar

264 1658 347 1717 aqua
369 1646 402 1700 st
422 1644 529 1721 spiritu
545 1645 680 1724 (gratiae
695 1643 845 1720 seiiieet),
867 1663 929 1703 uon
943 1650 1048 1725 potest
1063 1642 1190 1703 introire

265 1723 295 1782 in
319 1742 449 1803 reguum
470 1726 536 1787 Dei.

348 1804 616 1881 Quemadmodum
644 1808 727 1870 eninr
755 1818 852 1869 mater
879 1810 934 1869 iilo
957 1808 1071 1871 seruati
1101 1810 1191 1888 partu

264 1888 391 1967 plenum
411 1894 548 1970 peoeatis
561 1912 687 1971 puerum
710 1901 742 1953 et
761 1894 826 1953 i-raa
846 1891 941 1953 filiurn
958 1891 1031 1968 edit,
1052 1892 1097 1951 ita
1118 1889 1190 1971 bap-

265 1972 372 2033 tismus
395 1971 459 2035 edit
478 1976 667 2055 spiritualem
690 1986 826 2055 partum,
865 1980 896 2035 et
928 1982 1091 2057 regenerat
1119 1992 1187 2051 nos,

266 2061 299 2115 ut
318 2055 474 2118 iustitioati
497 2059 591 2119 simus
612 2058 667 2119 iiiii
687 2061 814 2139 gratiae.
838 2057 889 2119 Sin
912 2064 1041 2137 peeoata
1061 2058 1091 2117 in
1116 2056 1189 2135 bap-

266 2139 358 2201 tismo
380 2138 607 2222 demerguntur,
630 2151 662 2203 et
682 2143 812 2223 emergit
828 2160 884 2221 pro
908 2142 1045 2220 pereatis
1064 2140 1189 2201 iustitia.

348 2219 477 2299 Quarto,
499 2244 593 2305 porro
606 2225 659 2285 illa
680 2232 879 2304 pennatorum
893 2222 1046 2287 demersio
1058 2227 1089 2285 st
1110 2243 1189 2285 rnor-

266 2304 393 2365 tifieatio
417 2326 479 2369 nou
501 2309 639 2388 periente
658 2309 689 2367 iu
710 2308 770 2369 heo
791 2308 854 2368 vita
876 2308 1065 2387 absolvitur,
1089 2305 1190 2367 donee

266 2388 326 2449 boe
349 2392 480 2452 mortale
502 2411 614 2471 eorpus
630 2400 759 2472 pareat,
794 2400 825 2454 et
854 2399 951 2452 totum
978 2393 1008 2452 in
1031 2392 1189 2472 pulverum

265 2471 366 2554 abeat.
404 2473 634 2536 Sacramentum
659 2476 709 2536 vei
730 2478 852 2555 siguum
874 2475 1029 2554 baptismi,
1049 2475 1081 2536 id
1106 2473 1189 2553 quod

264 2554 413 2629 uidemus,
435 2557 519 2618 brevi
542 2557 704 2637 perfinitur.
729 2559 842 2622 Verum
861 2557 1046 2638 signifieatiu
1069 2558 1136 2618 eius
1158 2563 1189 2622 et

262 2637 429 2718 spiritualis
451 2642 629 2720 baptismus,
652 2640 827 2719 demersio,
850 2641 968 2704 scilieet
980 2646 1189 2721 pennatorum,

260 2719 315 2780 illa
336 2740 392 2800 per
420 2723 501 2784 bana
528 2730 625 2784 totam
654 2725 748 2786 vitem
777 2725 879 2802 duret,
914 2730 946 2785 et
972 2743 1035 2784 non
1065 2723 1126 2784 nisi
1156 2722 1188 2800 ip

262 2810 361 2864 morte
384 2805 547 2885 perficitur.
579 2808 657 2868 Turn
679 2810 761 2868 enim
790 2827 862 2869 vere
884 2807 1071 2886 demergitur
1091 2805 1187 2870 bomo

260 2887 510 3030 infibaptismum,
533 2898 563 2952 et
584 2911 655 2951 vere
677 2891 712 2952 iit
732 2891 808 2964 boa,
832 2891 913 2970 quod
938 2890 1106 2971 baptismus
1129 2889 1189 2968 sig·

265 2971 295 3030 ui
320 2980 382 3030 eat

343 3053 415 3115 Non
436 3056 529 3135 igitur
549 3055 627 3118 base
649 3056 713 3116 vite
733 3055 815 3116 aliud
839 3064 896 3135 est,
918 3073 1009 3136 quem
1022 3061 1188 3136 perpetuus

262 3137 432 3216 baptismus
454 3139 634 3217 spiritualis,
657 3139 758 3200 donee
782 3141 956 3218 moriamur,
980 3146 1011 3199 et
1030 3137 1187 3199 adiudiead

261 3228 308 3280 tur
332 3221 422 3282 morti
443 3221 480 3298 is,
504 3223 555 3300 qui
576 3221 756 3301 baptizatur.
788 3223 920 3284 Perinde
941 3231 1033 3302 atque
1056 3223 1082 3282 si
1106 3221 1188 3284 dieat

261 3303 418 3380 sueardus,
440 3323 509 3364 eum
523 3305 677 3385 baptizat:
701 3305 785 3366 Eece
807 3305 915 3370 tunibil
938 3305 1020 3366 eliud
1037 3325 1081 3386 es,
1097 3323 1189 3385 quam

260 3405 333 3446 euro
356 3386 449 3466 plena
471 3389 628 3466 peeeatis,
658 3388 805 3470 demergo
830 3391 934 3468 itaque
957 3395 987 3448 te
1007 3390 1041 3448 in
1063 3389 1189 3450 nomine

261 3468 338 3545 Dei,
368 3476 399 3528 et
420 3471 604 3532 seutentiam
626 3474 734 3532 mortis
755 3479 864 3532 eontra
892 3481 922 3532 te
939 3473 969 3530 in
992 3470 1103 3532 eodem
1135 3491 1189 3532 no-

260 3553 343 3612 mine
364 3552 452 3630 iero,
483 3561 517 3614 ut
538 3560 639 3617 teeum
663 3555 767 3616 omnia
796 3561 925 3632 pensata
947 3563 999 3616 tua
1020 3556 1189 3616 moriantur

259 3644 289 3694 et
317 3634 543 3714 demergantur.
582 3636 683 3716 Atque
713 3639 757 3698 sie
798 3637 826 3698 S.
853 3637 964 3698 Paulus
995 3656 1120 3717 qnoque
1149 3636 1187 3698 ad

259 3717 432 3782 Romanii.
455 3718 543 3781 dieit:
567 3720 678 3780 Sumus
700 3739 770 3780 eum
783 3720 904 3782 Christo
920 3721 1030 3800 sepulti
1053 3723 1083 3780 in
1109 3740 1187 3782 mor-

175 3805 183 3824 *
261 3810 322 3860 tem
347 3821 402 3879 per
423 3801 618 3880 baptismum.

342 3883 411 3958 Quo
433 3885 525 3964 igitur
547 3887 635 3946 eitius
658 3887 752 3946 bomo
776 3906 794 3945 a
816 3886 969 3965 baptismo
989 3886 1123 3961 moritur,
1148 3904 1186 3945 eo

259 3968 347 4028 eitius
370 3967 540 4047 baptismus
563 3989 635 4029 suus
658 3967 814 4049 perfieitur
836 3978 867 4030 et
878 3970 1055 4032 absolvitur.
1078 3967 1187 4045 Neque

259 4050 340 4112 anim
373 4057 497 4113 eessant
529 4060 673 4133 peeeeta,
701 4051 846 4131 quamdiu
868 4053 918 4113 bie
940 4053 1087 4129 uiuimus,
1115 4067 1185 4113 nam
1277 4119 1281 4125 ,
1378 4129 1379 4138 ¹
