3075 4775
987 302 993 304 -
1051 300 1380 313 ------—-----—-..

539 558 560 636 ¹o
575 544 698 598 notulis
716 551 841 613 excepta·
935 568 980 629 χ
1096 543 1159 611 193

239 748 276 791 se
304 729 399 794 homo
434 748 455 790 a
481 734 632 808 peceato,
666 747 728 809 qno
755 731 961 810 praesentiam
989 730 1104 793 indiois·
1130 737 1161 793 et

238 832 357 894 poenas
378 814 501 875 metuit.
540 812 582 872 Et
601 814 700 873 intra:
734 813 840 875 Bonus
869 820 918 875 est
936 816 995 875 iste
1016 817 1109 877 timor
1129 821 1161 877 et

240 896 329 975 utilis,
355 898 430 957 lieet
450 894 651 974 insufficiens,
671 916 839 976 perquem
860 897 1007 977 paulatim
1030 898 1065 958 fit
1085 918 1158 959 oon-

238 980 368 1041 suetudo
390 980 535 1040 iustitiae.
556 978 643 1041 Beda
662 998 788 1059 quoque
801 982 945 1060 exponit:
967 982 1089 1043 Initium
1111 1001 1160 1042 aa·
1267 1026 1281 1041 .

237 1066 373 1144 pientiae
392 1066 487 1125 timor
507 1062 643 1143 Domini,
665 1064 785 1124 seilioet
803 1064 932 1125 servilis.

317 1146 424 1223 Quare
445 1145 530 1207 aliud
550 1156 679 1225 quaeret
699 1147 758 1219 sibi
778 1149 992 1227 patrocinium,
1014 1155 1046 1208 et
1066 1147 1157 1209 aliam

237 1230 289 1291 det
308 1231 516 1307 solutionem,
538 1231 683 1309 quoniam
706 1231 766 1291 ista
789 1230 819 1293 S.
842 1230 980 1293 Patribus
1002 1250 1066 1292 non
1087 1250 1160 1292 oon·

237 1314 357 1377 eordat.
378 1313 471 1388 Quod
492 1313 519 1373 si
539 1313 619 1374 nolit
641 1312 730 1375 dietis
748 1314 932 1379 Sanctorum
952 1322 1044 1399 stone,
1066 1314 1160 1375 habe-

236 1396 280 1459 bit
299 1398 466 1459 adversum
487 1416 521 1456 se
543 1414 652 1457 saetae
671 1396 847 1477 Scripturas
869 1399 966 1461 loona.
988 1399 1067 1459 Nam
1086 1397 1160 1457 dum

237 1477 328 1543 timor'
347 1481 475 1555 Domini
496 1485 544 1541 est
563 1481 682 1544 initium
704 1482 899 1561 sapientiae,
927 1482 1028 1550 adhue
1050 1483 1160 1541 oarites

235 1563 309 1625 foris
331 1564 422 1645 pellit
443 1565 602 1642 timorem,
637 1562 691 1623 sed
715 1565 808 1625 timor
828 1564 930 1627 filialis
952 1568 1039 1628 iuxta
1060 1564 1159 1625 David

234 1648 265 1707 in
286 1654 447 1710 aeternum
472 1654 642 1727 permanet,
665 1648 748 1730 etin
771 1649 907 1709 sedulum
929 1649 1034 1713 seouli.
1057 1648 1160 1723 Quare

234 1731 313 1790 alius
336 1738 387 1793 est
406 1731 508 1809 timor,
530 1748 592 1810 quo
614 1730 767 1810 sapientia
788 1733 960 1812 iniioiatur,
992 1733 1070 1795 alius
1103 1739 1160 1810 est,

234 1814 285 1893 qui
308 1833 380 1877 oum
401 1819 493 1874 nueta
505 1820 674 1893 permanet.
698 1814 787 1875 Unde
810 1835 877 1877 oum
900 1815 1087 1877 reverendus
1107 1816 1163 1875 Ps-

234 1904 279 1957 ter
301 1904 399 1978 negat
426 1898 569 1957 timorem
592 1896 739 1957 inducere
761 1900 1107 1979 caritatem,vexpresse
1130 1897 1161 1959 S.

234 1980 410 2061 Augustino
433 1979 631 2059 contradidit,
654 1982 704 2061 qui
726 1982 757 2041 in
781 1981 853 2043 loeo
875 1982 1010 2063 allegato
1033 1982 1094 2041 hoo
1115 1989 1160 2041 to-

233 2072 297 2124 tum
318 2065 382 2143 ait,
410 2065 552 2125 timorem
573 2064 691 2125 scilieet
717 2064 861 2125 servilem
884 2084 953 2125 esse
973 2066 1091 2125 initium
1114 2084 1160 2125 sa·

233 2149 393 2227 pientiae,
421 2155 453 2208 et
479 2167 535 2229 per
557 2148 717 2215 caritatem
738 2149 850 2209 ilerum
872 2148 995 2229 expelli.
1026 2148 1160 2210 Subscri·
1273 2212 1277 2235 Ι

233 2230 275 2291 bit
303 2232 480 2292 sententiae
512 2231 756 2311 Augustinianae
790 2230 952 2293 mellifluus
988 2232 1160 2293 Beruardus

233 2312 297 2390 Sar.
319 2318 372 2381 52.
394 2334 488 2396 super
508 2314 661 2395 Cantiois,
683 2334 774 2396 quem
798 2316 955 2379 brevitatis
976 2317 1075 2398 gratia
1097 2336 1160 2377 non

232 2398 366 2461 adduoo.
389 2398 452 2459 Sed
473 2399 565 2459 etiam
586 2399 656 2478 plus
679 2398 760 2480 dieo,
784 2401 942 2460 ceritatem
965 2419 1027 2461 non
1042 2401 1086 2462 sie
1108 2420 1159 2461 ex·

232 2483 349 2561 pellere
384 2483 540 2561 timorem,
576 2484 654 2543 siout
688 2503 782 2543 unum
811 2483 1043 2565 incompatibile
1064 2483 1158 2564 aliud,

231 2567 284 2626 sed
306 2584 456 2626 successu
488 2566 527 2626 ad
563 2568 845 2646 augmentationem
868 2569 986 2650 gratiae
1009 2569 1102 2629 minui
1125 2569 1160 2628 ti-

232 2671 350 2711 morem
374 2649 536 2729 servilem,
564 2660 596 2710 et
623 2656 713 2710 auota
745 2654 846 2731 gratia
868 2654 1010 2714 timorem
1033 2653 1159 2714 omnino

230 2735 352 2795 auferri.
517 2742 520 2748 '

311 2815 381 2876 Neo
401 2815 509 2899 refert,
548 2815 630 2896 quod
652 2816 846 2896 ponderabat
878 2818 970 2879 hodie
993 2820 1030 2879 D.
1052 2817 1163 2878 Pater:

229 2901 336 2962 limor
360 2899 503 2977 Domini,
532 2919 595 2960 non
629 2901 721 2960 timor
747 2921 870 2981 poenae
900 2913 947 2962 est
973 2903 1091 2963 initium
1113 2921 1159 2960 se·

231 2986 386 3065 pientiae,
414 2984 558 3061 quoniam
589 2991 621 3043 et
653 2984 745 3043 timor
765 3004 888 3065 poenae
910 2995 941 3047 et
961 2987 1053 3047 timor
1074 3005 1160 3045 reve-

231 3070 350 3128 rentiae
383 3072 510 3146 uterque
532 3067 747 3145 est0D0mini,
784 3077 815 3129 et
836 3075 964 3150 uterque
986 3077 1035 3130 est
1057 3088 1076 3128 a
1098 3069 1157 3128 Do-

159 3152 164 3165 *
233 3153 326 3212 mino.
350 3149 425 3211 Sola
447 3149 548 3210 media
568 3149 695 3213 timendi
716 3159 787 3212 sunt
808 3152 940 3234 diversa,
965 3159 998 3214 ut
1019 3151 1106 3216 Beda
1127 3161 1158 3212 et

231 3235 282 3295 alii
305 3255 362 3314 per
379 3214 617 3313 longobardum
639 3234 755 3294 induoti
779 3242 937 3316 testentur,
960 3239 1082 3318 praeter
1099 3235 1158 3295 Au-

230 3320 387 3398 gustinum
415 3317 496 3395 prius
526 3319 660 3382 citatum.
701 3314 742 3377 ut
774 3321 848 3382 setis
880 3319 977 3400 liquet
997 3340 1037 3380 ex
1059 3319 1159 3380 verbis

231 3401 401 3480 christini
424 3401 497 3466 nihil
518 3401 600 3461 aliud
622 3401 816 3482 haberemus,
837 3403 943 3465 Matth.
967 3407 1020 3470 10:
1055 3402 1159 3464 Nolite

232 3487 339 3546 timere
365 3504 444 3562 eos,
477 3486 529 3564 qui
559 3485 705 3546 oooidunt
727 3506 855 3568 corpus,
890 3488 1022 3550 enimam
1056 3494 1158 3548 autem

231 3589 294 3630 non
315 3573 447 3650 possunt
468 3568 627 3647 ooeidere,
656 3569 712 3630 sed
733 3573 836 3650 potius
859 3573 964 3632 timete
986 3591 1073 3650 eum,
1108 3570 1161 3650 qui

232 3649 336 3732 potest
356 3653 491 3712 animam
520 3659 552 3712 et
571 3671 684 3732 eorpus
706 3653 835 3733 perdere
857 3656 888 3715 in
910 3655 1093 3736 gehennam.
1126 3655 1158 3717 Si

233 3739 312 3796 eninr
337 3737 429 3796 timor
447 3736 566 3799 servilis
588 3742 672 3797 esset
692 3736 898 3818 damnabilis,
920 3740 1000 3800 siout
1018 3739 1095 3799 dieit
1114 3757 1158 3798 re·

233 3819 384 3881 verendus
405 3819 505 3897 Pater,
527 3825 580 3880 'our
591 3820 729 3881 Christus
752 3841 810 3884 nos
832 3822 870 3883 ad
894 3841 963 3884 eum
987 3821 1158 3883 invitaret?

233 3911 263 3963 et
284 3905 488 3986 Angustiuum
510 3909 542 3963 et
562 3903 641 3963 alios
668 3905 712 3964 ita
738 3906 947 3984 intellexisse,
977 3905 1102 3966 confero
1125 3905 1156 3962 in

233 3989 376 4049 indieium
398 4007 521 4065 eorum,
544 4003 673 4065 quorum
695 3992 842 4056 intererit.

310 4073 440 4152 insuper
465 4070 559 4152 dioit,
587 4053 798 4136 Eeholesdoos
821 4091 930 4136 omnes
952 4067 1165 4147 concordare,

257 4192 348 4252 paneri
361 4202 413 4240 opp.
426 4192 454 4232 v.
467 4191 494 4234 a
511 4191 541 4231 ur
553 4191 594 4233 rer.
608 4192 659 4232 un„
673 4193 689 4233 n
702 4204 724 4243 p.
738 4193 788 4235 vor.
803 4195 843 4234 111.
950 4167 987 4228 13
