3075 4775
532 550 602 605 XIII.
624 551 657 605 de
676 557 812 620 potestate
831 552 932 622 Papae.
1136 553 1198 621 357

262 726 332 798 bei
355 747 557 818 praeceptam
578 740 696 801 illudat.
740 740 772 803 Si
794 742 874 819 hoc,
898 748 1059 824 tanquam,
1091 746 1200 807 minuit

277 823 453 899 veritatem,
488 825 535 883 vel
558 826 655 904 regis,
688 825 739 885 vel
761 828 936 905 praecepti,
971 846 1025 889 cur
1057 830 1197 907 superius

278 924 337 965 non
361 906 503 967 similiter
524 906 615 968 dixit:
659 907 778 968 Subditi
805 916 905 969 estote
935 918 1079 988 tanquam
1114 914 1197 972 omni

276 988 430 1048 humanae
454 990 633 1051 creaturae?
678 992 740 1052 Cur
761 994 912 1072 praecipit
934 993 1021 1053 subdi
1044 995 1111 1054 sine
1135 1004 1195 1054 tan-

277 1072 389 1150 quam?
442 1072 503 1133 Cur
530 1093 592 1134 non
622 1074 713 1135 dixit:
758 1075 867 1135 Estote
902 1081 1046 1155 tanquam
1076 1075 1198 1154 subditi,

277 1155 458 1217 simulantes
482 1156 720 1234 subiectionem,
755 1158 833 1225 sicut
864 1159 917 1218 ille
939 1159 1061 1219 simulat
1082 1179 1196 1239 regem,

277 1244 423 1316 tanquam
448 1240 573 1301 sitrex?
603 1241 749 1301 insulsior
771 1247 818 1301 est
839 1243 897 1301 ista
919 1241 1035 1321 glossa,
1053 1261 1142 1320 quam
1166 1251 1199 1302 ut

278 1328 432 1381 mereatur
455 1324 586 1385 refutari.
631 1324 738 1385 Petrus
759 1324 835 1402 vult,
857 1324 917 1385 hoc
938 1332 1083 1403 tanquam
1105 1327 1195 1385 ratio·

277 1403 381 1464 nalem
411 1425 480 1466 esse
514 1408 779 1480 coniunctionem,
814 1406 999 1486 ostendens,
1032 1426 1125 1487 quara
1159 1409 1196 1468 sit
1235 1448 1237 1457 ‚

277 1486 482 1566 subdendum,
504 1490 597 1567 Quia,
620 1491 733 1568 inquit,
757 1490 933 1568 praecellit,
958 1497 988 1551 et
1010 1492 1083 1569 quia
1104 1490 1198 1551 duces

277 1571 363 1630 missi
383 1579 455 1631 sunt
475 1573 513 1634 ab
536 1593 592 1650 eo,
614 1573 675 1634 hoc
697 1581 753 1649 est,
777 1574 844 1653 ipsa
859 1574 1078 1653 praecellentia
1100 1582 1129 1635 et
1146 1593 1198 1654 pu-

277 1660 389 1732 testas,
413 1660 485 1733 quia
506 1658 573 1717 Deo
596 1657 721 1717 volente
743 1658 875 1737 geritur,
909 1664 956 1717 est
977 1675 1081 1731 causa,
1104 1675 1198 1735 quare

278 1743 406 1816 propter
425 1738 524 1800 Deum
548 1737 636 1801 subdi
660 1741 687 1799 ei
710 1739 858 1801 debeatis.

361 1818 452 1894 Quod
474 1829 577 1884 autem
600 1824 749 1901 sequitur:
772 1823 811 1882 ad
842 1822 1007 1883 vindictam
1038 1822 1199 1898 malorum,

275 1901 400 1963 laudem
416 1925 490 1965 vero
515 1907 676 1983 honorum,
697 1905 930 1987 intelligendum
953 1924 1015 1965 non
1038 1912 1094 1983 est,
1117 1904 1198 1983 quod

276 2006 333 2046 rex
354 1988 404 2047 vel
427 1990 595 2069 imperator
624 2008 717 2068 super
742 1988 844 2049 bonos
867 1997 896 2047 et
919 1988 1016 2048 malos
1044 1988 1200 2067 acceperit

277 2069 373 2150 gladii
397 2078 594 2151 potestatem,
617 2070 670 2132 sed
694 2073 725 2132 in
743 2091 798 2132 ecs
821 2069 1026 2147 solummodo,
1050 2073 1099 2149 qui
1114 2078 1197 2130 uten-

279 2160 327 2212 tes
349 2153 455 2234 gladio
479 2157 543 2216 eius
576 2162 647 2215 suut
668 2153 870 2215 iurisdietioni
894 2155 1060 2214 commissi.

361 2235 618 2299 camerariam
642 2236 802 2298 Romanae
825 2238 928 2297 curiae
950 2245 981 2297 et
1009 2236 1082 2297 cleri
1106 2236 1197 2297 licen-

278 2319 340 2379 tiae
369 2321 628 2401 impunitissimae
657 2320 804 2402 glossam.
847 2320 904 2379 Hic
926 2332 1000 2381 san‘e
1026 2339 1104 2400 opus
1137 2326 1202 2379 erat

277 2403 388 2481 oculos
410 2406 578 2482 intendere,
600 2406 651 2465 hic
672 2404 757 2465 ulcus
782 2404 979 2485 tangebatur,
1005 2403 1058 2463 sed
1081 2404 1200 2465 frustra.

276 2485 401 2564 lterum,
423 2487 473 2548 hic
496 2508 563 2548 cum
586 2508 643 2548 suc
667 2488 817 2548 duntaxat
844 2487 961 2566 prodit,
994 2486 1119 2546 verbum
1143 2486 1200 2545 Dei

277 2571 426 2649 generale
450 2579 597 2650 torquens
619 2573 648 2631 in
672 2578 790 2651 partem
814 2570 920 2650 populi
944 2570 1064 2629 Christi.
1100 2567 1202 2642 Quare

278 2659 311 2713 et
331 2673 391 2714 nos
414 2653 522 2714 eadem
546 2653 688 2732 absurda,
712 2673 767 2732 pro
792 2653 886 2714 verbo
901 2652 968 2726 Dei,
993 2660 1099 2710 contra
1118 2652 1201 2709 vani-

279 2741 372 2796 tatem
399 2736 480 2796 hanc
502 2737 695 2798 reducamus.
737 2736 780 2796 Et
801 2754 997 2814 quaeramus:
1019 2733 1068 2794 An
1092 2752 1200 2806 omnes

279 2837 355 2878 oves
379 2819 491 2893 Christi
520 2821 582 2880 sint
603 2821 694 2880 Petro
727 2817 889 2879 subditae?
925 2823 956 2877 et
992 2837 1032 2876 an
1061 2815 1099 2874 ad
1129 2834 1201 2874 suos

280 2901 421 2962 subditos
442 2903 521 2962 haec
542 2901 720 2983 scripserit?
742 2910 773 2961 et
796 2922 835 2962 an
858 2900 908 2961 alii
932 2901 994 2958 sint
1015 2898 1126 2958 subditi
1148 2898 1201 2958 Pe-

280 2988 316 3044 tri
341 2991 373 3045 et
394 2986 498 3066 regis?
520 2986 598 3046 haec
620 2987 700 3047 enim
724 2987 796 3062 tria,
820 3002 948 3043 necesse
973 2989 1034 3055 est,
1057 2980 1201 3040 conlitea-

280 3075 327 3128 tur
347 3086 433 3144 vera,
454 3075 487 3128 ut
509 3088 548 3129 ex
570 3068 734 3150 praedictis
756 3073 850 3147 patet.

364 3148 483 3230 Quare,
518 3153 543 3212 si
576 3153 638 3212 suis
666 3151 796 3212 subditis
825 3150 904 3210 haec
930 3148 1065 3224 scripsit,
1105 3153 1135 3204 et
1171 3145 1202 3206 hi

279 3234 330 3293 alii
362 3241 434 3293 sunt
471 3254 490 3294 a
521 3235 650 3296 subditis
684 3235 894 3314 imperatoris,
928 3230 1021 3312 gladii
1052 3235 1202 3308 potestas,

283 3317 377 3377 verbo
409 3316 506 3393 Petri,
539 3318 637 3376 sblum
667 3338 759 3397 super
787 3317 934 3390 clericos,
971 3315 1001 3373 in
1035 3310 1200 3372 vindictam

282 3400 432 3460 malorum
456 3407 487 3461 et
514 3399 636 3460 laudem
664 3400 814 3461 bonorum
838 3397 961 3470 valebit,
985 3402 1134 3474 eruntque
1152 3416 1202 3454 ex-

281 3483 376 3562 empti
399 3501 506 3543 omnes
529 3490 560 3543 et
574 3483 641 3543 'soli
662 3473 751 3560 laici,
774 3502 827 3542 cur
849 3500 923 3562 ergo
947 3479 1100 3539 contraria
1120 3476 1202 3538 vide-

283 3584 349 3625 mus
371 3563 457 3641 fleri,
489 3565 568 3626 adeo
596 3577 629 3625 ut
658 3565 788 3626 elericos
816 3563 938 3624 tradant
967 3561 1098 3621 seculari
1125 3561 1203 3636 foro,
1298 3571 1300 3576 ‘

282 3667 342 3708 non
367 3649 425 3707 nisi
448 3655 559 3709 exutos
582 3649 749 3708 clericatu?
793 3648 845 3707 Sin
868 3665 976 3707 onmes
999 3652 1070 3704 sunt
1090 3642 1202 3704 subditi

281 3729 389 3807 Petro,
421 3737 452 3791 et
473 3732 511 3792 ad
535 3751 643 3792 omues
665 3732 744 3790 haec
765 3731 903 3807 scripsit,
937 3729 986 3808 qui
1022 3733 1094 3787 sunt
1128 3745 1203 3786 oves

283 3812 411 3890 Christi,
434 3834 508 3895 ergo
541 3814 591 3875 vel
625 3814 725 3874 clerici
756 3813 861 3893 gladio
885 3811 1020 3890 exempti
1047 3829 1108 3870 nun
1132 3814 1203 3868 sunt

283 3915 357 3956 oves
380 3895 500 3976 Christi,
525 3897 572 3956 vel
595 3897 673 3956 haec
696 3895 875 3976 depravatio
907 3902 938 3954 et
960 3892 1114 3953 distinctio
1139 3909 1201 3948 ver-

283 3977 389 4039 borum
422 3980 502 4040 Petri
538 3998 663 4061 prorsus
701 3978 797 4058 impia
842 3981 872 4038 et
905 3977 1026 4037 veritati
1070 3973 1202 4031 adversa

284 4068 337 4124 est.
