3075 4775
436 529 494 579 suis
513 526 620 596 lipsius
651 525 841 597 disputasse
865 525 937 583 XtX.
1108 496 1178 600 §241

260 736 323 779 sem
358 722 430 779 sese
462 714 658 797 reprobantia
684 715 817 777 oonsilio
852 716 973 776 interim
1004 715 1079 777 selis
1118 734 1176 777 nos

259 810 338 862 tutos
361 801 511 879 reddunt,
543 807 574 860 et
595 799 708 859 liberos
731 798 771 859 ed
793 799 1066 859 contradicendum
1088 800 1176 860 utris·

258 902 325 963 que.
372 884 461 959 Ques
496 884 576 945 enim
598 882 656 943 sibi
681 882 848 960 dissident,
880 883 930 941 oui
962 882 1177 943 eonvenieut?

257 968 359 1047 Atque
380 968 459 1053 haee
480 968 591 1044 letius,
612 965 680 1026 Deo
703 964 816 1044 dente,
844 982 913 1024 enm
934 964 1047 1025 Eooius
1067 967 1100 1025 in
1120 983 1174 1047 pu·

257 1051 369 1113 blisum
391 1071 426 1111 se
448 1051 576 1112 dederit.

338 1135 464 1214 Verum,
487 1133 625 1214 quando,
648 1140 681 1193 ut
701 1133 775 1209 dixi,
802 1132 862 1191 heo
883 1131 1092 1211 disputatione
1113 1150 1177 1191 rnu-

164 1216 165 1223 '
256 1219 301 1297 gis
324 1226 446 1297 tempus
475 1223 522 1277 est
543 1215 714 1296 perditum,
750 1234 842 1293 quem
875 1216 988 1274 veritus
1024 1214 1174 1291 quaesitu,

256 1301 328 1361 volo
350 1302 598 1381 propositionum
620 1318 755 1365 meerum
781 1297 989 1359 resolutiones
1021 1299 1052 1356 in
1074 1297 1175 1355 lucem

163 1416 164 1421 κ
255 1382 351 1460 dere,
376 1383 526 1461 oontisus,
561 1383 709 1443 maiorem
737 1381 923 1461 cognitionis
952 1381 1081 1441 frustum
1102 1379 1175 1439 hino

256 1475 495 1545 proventurum,
518 1486 608 1545 quem
631 1466 656 1525 si
675 1464 721 1525 bis
744 1466 859 1544 septies
883 1464 922 1524 ed
943 1464 1026 1524 hune
1048 1461 1174 1523 modum

256 1548 434 1629 disputetur.
456 1549 617 1629 Que1·e,si
640 1549 688 1609 oui
714 1547 822 1608 videor
843 1568 955 1623 errore,
978 1567 1047 1627 ege,
1069 1546 1174 1606 euniu-

255 1640 297 1693 tet
318 1652 466 1711 errorem,
489 1636 514 1693 si
536 1632 611 1709 odit,
632 1636 686 1691 eut
705 1632 839 1691 rectiore
857 1630 979 1709 dooeut,
1002 1633 1027 1689 si
1050 1628 1160 1710 diligit.

333 1716 457 1793 Hebes,
480 1718 520 1778 mi
545 1716 706 1776 eerissime
728 1713 905 1793 Spoletine,
927 1713 1087 1774 historiem
1109 1714 1174 1773 l'ere

254 1804 372 1877 tutem,
401 1820 473 1859 nem
495 1800 520 1859 si
543 1816 604 1877 que
624 1798 686 1857 elie
707 1816 771 1857 nou
793 1796 876 1875 dixi,
908 1796 949 1857 ed
968 1798 1173 1857 reverentiam

253 1882 468 1943 Universitetis
490 1883 674 1963 Lipsiensis,
697 1880 769 1940 mibi
792 1881 991 1957 carissimae,
1013 1899 1076 1939 uun
1099 1878 1174 1957 dixi,

253 1984 290 2025 ne
309 1968 396 2046 regie
421 1967 563 2031 ldumeee
583 1984 655 2025 osse
673 1963 712 2024 ed
725 1965 844 2023 uiueres
861 1963 1046 2043 redigerem.
1069 1960 1172 2035 Quen·
1237 1996 1240 2000 ²

254 2068 345 2127 quem
360 2051 426 2109 nisi
450 2053 558 2111 seirem
580 2048 642 2108 hoe
663 2048 738 2107 meis
759 2048 895 2127 peeeetis
918 2046 1068 2122 debitum,
1097 2046 1172 2105 setis

252 2132 378 2210 indigne
399 2134 520 2214 terrem,
544 2153 593 2193 me
614 2138 676 2191 tem
694 2129 847 2194 sterilibus
870 2131 1004 2209 negotiis
1025 2129 1175 2209 ooeupuri
1199 2134 1211 2155 ⁸

252 2215 288 2275 de
315 2216 537 2296 indulgentiis,
570 2216 702 2295 primatu
724 2220 756 2275 et
776 2211 968 2294 privilegiis,
984 2213 1115 2308 aliisque
1131 2210 1176 2271 ud

162 2340 164 2367 ι
251 2298 382 2359 sulutem
405 2299 480 2359 nihil
502 2298 685 2360 neeesseriis
708 2297 821 2375 rebus,
854 2297 965 2376 quibus
986 2295 1025 2356 ub
1048 2295 1171 2376 optumis

162 2393 164 2426 l
251 2391 358 2444 nostro
382 2384 487 2446 sebulo
516 2382 624 2444 studiis
645 2401 762 2442 evoeor
793 2380 1050 2462 indignabundus.
1092 2379 1173 2439 Nem

162 2477 163 2484 ’
251 2475 284 2526 ut
303 2466 529 2530 illustrissimus
552 2467 697 2544 Princeps
719 2465 789 2524 Dux
811 2465 964 2545 Georgius
999 2463 1170 2543 prudentis·

162 2561 164 2594 t
251 2551 328 2610 sime
351 2550 461 2612 umbos
484 2571 541 2612 nos
563 2549 727 2610 verberans
750 2549 842 2607 dixit:
871 2548 942 2608 Sive
962 2547 1024 2607 hou
1044 2548 1086 2606 sit
1105 2548 1171 2605 iure

250 2633 367 2710 divino,
390 2635 456 2693 sive
477 2635 628 2712 humano,
661 2633 750 2692 Rom.
773 2632 914 2712 pontifex
942 2638 991 2690 est
1016 2636 1048 2689 et
1068 2634 1173 2688 menet

249 2717 570 2795 summue·Pontiliex3
591 2718 635 2776 itu
656 2736 728 2776 vere
749 2715 837 2794 dixit,
858 2722 891 2773 et
912 2733 976 2774 nou
997 2712 1106 2772 leviter
1125 2712 1171 2770 in·

250 2800 356 2860 utilem
379 2799 461 2861 hene
477 2809 613 2861 nostrum
636 2800 874 2880 disputationem
889 2797 1000 2876 insigni
1023 2796 1082 2855 hue
1100 2813 1175 2854 mom

250 2881 352 2943 destie
373 2885 512 2964 taxavit,
889 2913 892 2922 ·
1031 2887 1039 2908 ⁸

333 2967 503 3027 Persuasus
524 2985 599 3027 vero
626 2983 713 3044 sum,
745 2965 796 3024 ubi
823 2964 902 3024 hese
928 2961 1039 3022 viderit
1059 2958 1170 3018 nectus

250 3071 336 3110 meus
358 3049 557 3129 Eeoieneque
578 3051 691 3126 l'eotio,
724 3049 828 3108 stetim
850 3048 1070 3108 vooiferuturus
1090 3059 1189 3122 esse„

249 3153 311 3194 uon
335 3151 479 3194 servasse
501 3151 549 3194 me
570 3131 696 3210 luedus,
724 3149 783 3192 nee
804 3129 1002 3191 eunvsntioui
1022 3127 1171 3206 pur-uisse,

250 3216 299 3278 nbi
323 3224 447 3277 neutum
470 3225 536 3292 est,
570 3235 610 3275 ne
632 3214 799 3294 disputatio
821 3214 996 3294 invulgetur
1024 3218 1096 3270 ente
1118 3209 1169 3269 de·

249 3307 367 3360 eretum
399 3299 552 3378 iudieum,
590 3299 676 3378 quesi
710 3317 786 3358 vero
807 3299 901 3357 ullum
928 3303 1050 3377 paetum
1078 3291 1170 3353 nobis

251 3403 389 3462 unquam
411 3384 603 3444 servaverint
635 3383 703 3462 ipsi.
745 3382 933 3461 Respondes
962 3386 1086 3453 tanuen,
1119 3395 1170 3436 me

249 3468 447 3540 convenisse,
469 3485 508 3528 ne
531 3483 653 3544 peruos
667 3465 834 3544 disputetis
848 3466 1009 3544 evulgetur
1021 3480 1067 3537 eu,
1090 3479 1170 3538 quee

250 3570 343 3612 mauu
358 3551 546 3630 notariorum
559 3557 690 3629 exceptu
702 3555 760 3626 est,
769 3560 872 3609 estere
885 3567 959 3609 vero
970 3543 1169 3623 exemplaris,

249 3635 328 3693 siout
364 3632 596 3712 permutatur
633 3631 757 3694 ouilibet
783 3632 840 3692 sibi
869 3631 978 3692 eedem
1001 3625 1170 3706 colligendi

249 3724 400 3795 potestas,
438 3717 483 3776 uis
504 3713 679 3794 prohibebit
698 3715 907 3776 needentur?
929 3714 991 3776 Sed
1012 3718 1091 3788 esto,
1111 3727 1171 3768 nee

249 3801 315 3878 ipse
338 3799 398 3860 edu
455 3819 488 3874 r,
519 3817 618 3858 meum
641 3798 933 3878 noteriifexemplsr
959 3816 1023 3858 non
1050 3793 1180 3870 edetur,-

250 3883 378 3960 pulehre
399 3884 443 3942 ite
463 3888 696 3961 servetopeuto.
720 3883 843 3957 Verum,
863 3903 905 3942 ne
926 3875 1187 3961 prsetereeseri·.

251 3963 364 4041 berem,
388 3983 450 4026 non
473 3965 588 4044 pepigi,
610 3966 674 4024 imo
687 3965 789 4058 pelopi
800 3971 987 4043 protestatus
1000 3981 1079 4035 sum,
1097 3975 1167 4016 oum

249 4049 451 4129 iniquioribus
473 4055 608 4108 nostrum
631 4048 804 4113 libertatem
827 4046 1055 4110 eonditionibns
1076 4054 1168 4100 vexe-

278 4167 372 4208 buthsri
386 4176 439 4214 opp.
454 4167 482 4207 V.
496 4165 524 4204 A.
538 4165 567 4198 ul
580 4164 620 4198 ret.
636 4163 686 4203 utut.
702 4165 717 4204 t.
731 4176 752 4214 p.
767 4166 817 4206 Vol.
830 4167 871 4207 111.
984 4151 1025 4214 16
