3075 4775
333 535 398 602 lot
599 543 643 599 sl.
662 544 768 601 aas·
787 545 936 614 mansue
953 549 993 604 aa

332 729 472 806 mmns,
505 751 545 792 en
575 735 667 795 eliam
698 735 730 794 in
757 735 900 816 grauiam
923 736 1083 798 coniicitur
1104 735 1255 817 pericula,

332 829 432 892 neque
445 817 624 896 pervincere
640 826 754 898 potest,
777 821 848 898 quin
870 821 901 880 in
926 819 1029 880 odium
1041 820 1099 880 Dei
1120 827 1152 880 et
1172 819 1255 880 blas-

332 895 470 976 phemias
491 901 678 979 prolabatur.
721 902 798 962 Nam
821 903 910 982 quid,
939 921 1072 982 quaeso,
1100 902 1182 964 aliud
1206 909 1257 964 aas

330 980 495 1042 sollicitum
523 1003 594 1045 esse
628 985 667 1045 de
694 987 992 1065 praedestinatione,
1025 1003 1116 1065 quam
1148 987 1256 1048 omnia

329 1063 384 1124 illa
405 1065 486 1126 selle
506 1068 596 1141 scire,
618 1088 697 1148 qnae
719 1070 802 1131 Deus
825 1072 897 1146 scit,
923 1078 955 1130 nt
975 1087 1033 1130 nos
1056 1087 1177 1148 qnoque
1199 1089 1253 1149 pa-

329 1165 379 1207 res
401 1149 495 1210 simas
518 1151 601 1227 Deo,
633 1171 733 1232 nequa
761 1152 816 1214 ille
842 1154 914 1233 plua
934 1155 1028 1229 sciat,
1058 1171 1150 1231 qnam
1170 1152 1253 1214 nos?

329 1229 420 1305 Quod
443 1234 467 1292 si
489 1236 595 1295 omnia
614 1236 682 1312 illa,
703 1255 784 1320 qnae
806 1237 890 1297 Dens
912 1239 1014 1313 novit,
1047 1255 1105 1296 nos
1127 1254 1254 1315 qnoque

329 1333 422 1374 nosse
445 1318 593 1397 cupimus,
616 1319 705 1398 quid,
727 1339 862 1399 quaeso,
884 1319 966 1382 aliud
988 1319 1049 1381 boe
1071 1325 1135 1398 est,
1158 1338 1252 1398 quam

329 1397 418 1472 velle,
445 1408 478 1459 nt
501 1401 583 1462 Deus
605 1422 668 1462 non
691 1404 732 1463 sit
751 1403 845 1463 Dens.

411 1481 469 1542 ilie
489 1485 591 1545 animo
613 1488 751 1567 suggerit
762 1487 914 1566 malignus
935 1485 989 1546 ills
1000 1485 1132 1564 spiritus,
1155 1503 1251 1564 qnan-

328 1567 552 1644 tangentium,
575 1576 706 1648 quantus
728 1569 928 1646 ludaeorum,
952 1575 1083 1647 quantos
1105 1567 1251 1629 Christis-

328 1666 435 1708 norum
459 1667 582 1730 quoque
616 1673 759 1714 numerus
794 1653 955 1713 damnatus
985 1651 1033 1715 sit.
1077 1652 1125 1710 Fit
1145 1657 1251 1712 autem

327 1730 374 1790 bis
394 1733 577 1810 periculosis
600 1742 631 1796 et
652 1738 740 1796 vanis
762 1734 1018 1816 cogitationibus,
1043 1740 1093 1807 ut,
1116 1734 1142 1792 si
1164 1734 1252 1794 nulla

327 1812 397 1892 alia,
418 1817 468 1876 vel
489 1815 569 1878 baec
589 1820 680 1879 nuiea
700 1839 750 1880 res
773 1819 876 1880 odium
901 1819 1007 1878 mortis
1029 1818 1061 1876 in
1084 1817 1174 1877 nobis
1198 1836 1252 1878 ex·

326 1898 408 1961 citet.
451 1899 492 1959 Et
518 1901 599 1962 banc
626 1902 747 1982 quidem
781 1901 820 1962 de
847 1901 1130 1981 praedestinatione
1151 1907 1251 1962 teuta·

326 1982 462 2059 tionem,
496 1988 696 2046 tentationem
732 1986 841 2045 inferni
871 1984 1082 2064 appellarunt,
1115 1983 1155 2044 de
1188 2002 1250 2063 qua

326 2065 423 2125 molta
444 2068 557 2144 passim
583 2070 615 2128 in
638 2070 766 2129 Psalmis
788 2067 889 2128 David
913 2066 1125 2146 conqueritur,
1156 2085 1250 2144 quana

326 2149 377 2226 qni
404 2149 526 2228 vicerit,
559 2152 586 2211 is
613 2153 703 2212 simul
737 2159 768 2212 et
788 2151 939 2211 infernum
970 2159 1002 2212 et
1029 2155 1192 2230 peceatum
1219 2157 1252 2210 et

326 2238 456 2291 mortem
478 2233 560 2293 vicit.

408 2311 516 2394 Nono,
544 2335 637 2396 porro
664 2336 784 2379 summa
815 2335 888 2378 cura
910 2317 1011 2376 caveri
1034 2321 1172 2396 oportet,
1209 2335 1251 2376 na

326 2397 408 2477 quod
430 2398 539 2459 horum
561 2402 651 2460 trium
674 2402 755 2463 ultro
777 2418 988 2476 accersamus,
1016 2400 1146 2461 venient
1165 2401 1249 2459 enirn

325 2480 418 2541 etiam
441 2502 504 2543 non
525 2492 652 2562 vocata,
685 2492 717 2546 et
745 2506 802 2546 suo
820 2485 948 2562 obtutu,
970 2484 1043 2543 item
1066 2482 1249 2562 disputatio·

323 2564 412 2625 nibus
434 2572 465 2625 et
487 2566 801 2631 demonstrationibus
830 2574 928 2628 toturn
957 2566 1066 2627 volent
1093 2584 1250 2645 oocupare

253 2664 261 2683 ¹
321 2656 437 2729 pectus.
481 2649 571 2725 Quod
593 2653 617 2712 ai
639 2651 708 2728 liat,
730 2660 832 2713 actum
857 2657 904 2711 est
926 2649 965 2712 de
988 2649 1122 2710 homine.
1139 2635 1149 2660 '
1166 2648 1248 2709 Dum

321 2732 403 2792 enim
426 2751 495 2791 cum
517 2734 577 2793 illis
599 2736 839 2815 cogitationibus
866 2734 1013 2810 luctatur,
1041 2732 1098 2791 Dei
1120 2750 1249 2811 prorsus

323 2814 522 2878 obliviscitur.
544 2818 654 2897 Neque
675 2818 736 2879 alio
759 2818 890 2879 oonsilio
914 2817 996 2876 Deus
1019 2834 1077 2875 nos
1100 2814 1153 2873 illa
1166 2834 1248 2875 mor·

323 2898 375 2974 lis,
408 2900 527 2978 peceati
558 2907 590 2961 et
611 2901 721 2961 inlcmi
743 2901 934 2983 cogitatione
959 2900 992 2957 in
1015 2903 1116 2957 monle
1137 2904 1249 2976 tentat,

323 2998 413 3060 qnam
450 2989 483 3043 ut
507 2982 562 3043 ille
589 2985 693 3044 omnia
721 3004 741 3044 a
770 2984 860 3045 nobis
882 2984 1045 3043 vindentur
1066 2986 1097 3040 et
1117 2998 1248 3059 prorsus

323 3065 484 3126 eiiciantur
504 3068 618 3128 auimo.
661 3065 753 3142 Quod
776 3068 800 3127 si
824 3084 917 3140 mors,
940 3069 1120 3144 peceatum,
1149 3070 1181 3123 et
1203 3065 1248 3123 in-

321 3148 424 3208 lemna
447 3149 516 3210 sola
536 3152 613 3228 sint,
637 3169 737 3229 neque
759 3157 792 3210 tu
813 3152 846 3209 in
868 3156 968 3209 morte
989 3148 1099 3221 vitem,
1121 3146 1152 3205 iu
1175 3166 1249 3227 pec·

323 3235 394 3292 cato
414 3233 576 3312 iustitiam,
611 3235 641 3292 in
672 3232 792 3294 inferno
823 3230 1042 3294 beatitudinem
1066 3228 1171 3292 vinem
1197 3229 1248 3311 (id
1320 3282 1328 3311 ,

323 3314 406 3392 quod
427 3317 606 3394 postlatina
627 3316 880 3396 explicabimus),
892 3312 1076 3375 remittenda
1096 3319 1161 3371 tum
1175 3321 1250 3375 sunt

323 3397 354 3456 iu
376 3398 527 3459 infernum
550 3418 648 3479 osque
670 3398 709 3460 ad
731 3400 896 3480 collegium
911 3397 1061 3458 malornm
1074 3396 1248 3474 spirituum,

321 3498 421 3557 neque
443 3484 580 3563 cogitare
602 3482 707 3560 debes,
729 3484 813 3563 quod
835 3482 876 3543 ad
898 3487 929 3541 le
950 3480 1133 3560 pertineant.

405 3562 464 3639 Qui
485 3566 578 3646 igitur
597 3566 727 3627 feliciter
747 3585 816 3627 cnm
843 3565 905 3626 illis
927 3564 1105 3643 depugnare
1128 3568 1159 3621 et
1181 3564 1246 3623 vin-

323 3665 394 3707 cere
415 3647 517 3726 volet,
539 3650 593 3710 ille
613 3668 677 3711 non
698 3650 760 3710 boc
780 3650 887 3725 faeiat,
910 3653 944 3707 ut
964 3647 1026 3706 suis
1048 3643 1162 3709 viribus
1184 3646 1246 3707 ior·

322 3737 427 3791 tunam
450 3736 556 3793 tentet.
601 3733 680 3793 Nam
696 3733 809 3795 robore
836 3739 867 3792 et
888 3731 995 3791 virium
1021 3728 1127 3809 vigore
1148 3728 1248 3810 longe

323 3832 380 3875 nos
402 3821 558 3894 superant.
598 3816 666 3876 Hoc
695 3817 769 3876 artie
791 3821 853 3893 est,
889 3830 1014 3894 prorsus
1044 3816 1248 3873 contemnere

322 3896 379 3957 hos
402 3896 524 3974 hostes,
560 3916 660 3976 neque
689 3900 817 3959 omnino
845 3916 915 3957 eum
944 3896 989 3955 eis
1011 3892 1179 3975 congredi,
1212 3895 1246 3956 id

322 3979 405 4059 quod
426 3980 488 4041 boc
509 3979 602 4040 modo
624 3979 692 4041 liet:
725 3983 751 4042 si
777 3982 809 4041 in
832 3986 931 4041 morte
953 3979 1057 4055 vitam,
1080 3978 1112 4039 in
1134 3996 1246 4057 penca-

323 4063 361 4122 tia
382 4063 528 4143 gratiam,
556 4064 588 4124 in
617 4063 737 4128 insarno
759 4063 867 4127 coeles
889 4062 1010 4145 positos
1031 4078 1102 4123 essa
1120 4060 1243 4129 medas.
