3075 4775
345 537 409 605 162
550 536 708 608 Disputatio
726 538 835 607 lipsius
853 538 948 591 habits
967 553 992 593 s.
1012 536 1071 591 xlx

345 726 457 788 remitti
468 725 586 805 absqim
597 731 764 806 augmento
780 724 908 805 gutiae,
922 742 984 785 uou
999 710 1270 800 concedo,‘doneo

346 809 466 891 probet.
510 809 575 870 lino
597 815 645 869 est
665 814 774 869 contra
795 826 972 887 expressum
997 813 1124 884 textum,
1143 805 1183 867 ad
1205 807 1266 867 Ro

347 912 404 954 ma.
427 894 457 971 7,
480 892 588 971 Gelu,
609 891 660 952 ubi
682 892 841 971 apostolus
864 889 951 951 dicit:
977 891 1177 959 venundatus
1200 908 1267 949 sum

348 976 404 1037 sub
431 982 578 1056 peccato,
605 976 673 1054 quis
703 974 844 1035 liberabit
870 992 920 1034 me
947 974 987 1037 de
1008 981 1106 1035 morte
1128 974 1269 1053 corporis

347 1060 456 1120 huius?
478 1057 673 1139 Respondet:
696 1057 803 1119 Gratia
825 1058 881 1117 Dei
904 1076 959 1137 per
979 1057 1085 1119 ‚Iesum
1102 1056 1268 1125 Christum,

347 1144 470 1205 Certum
493 1149 541 1203 est
560 1148 664 1202 autem
686 1140 862 1221 apostolum
887 1160 948 1201 uon
969 1141 1064 1204 brissc
1085 1140 1269 1222 inpeccatis

348 1225 540 1288 mortalibus.
564 1223 677 1288 Cetera
696 1223 838 1303 relinquo
860 1225 979 1285 futurae
1001 1223 1200 1304 disputationi
1222 1224 1269 1282 in·

347 1319 394 1371 ter
414 1310 570 1391 egregium
584 1308 621 1369 Ι).
632 1308 799 1368 Doctorcm
821 1306 1016 1391 Andrearul)
1042 1314 1073 1367 et
1090 1307 1266 1368 Jobeunem

347 1394 483 1454 llccium.
526 1392 567 1451 Et
587 1392 648 1452 hoc
669 1408 831 1452 erroneum
854 1397 917 1469 est,
946 1390 1029 1470 quod
1052 1388 1174 1451 veniale
1193 1406 1267 1471 pcc-

349 1484 449 1537 catum
460 1476 558 1536 Deum
580 1472 800 1548 nonodendat,
823 1493 891 1533 cum
915 1474 1151 1554 displiceatDeo
1175 1490 1270 1534 omne

286 1588 289 1591 ⁴
346 1559 551 1629 immundum,
574 1566 608 1618 et
624 1558 772 1637 reprobet
792 1576 878 1633 eum,
908 1558 958 1636 qui
982 1558 1107 1617 minima
1131 1556 1271 1632 solverit,

346 1643 452 1706 ilatth.
475 1646 504 1706 5.
537 1641 604 1702 Nec
625 1640 768 1720 probavit
789 1640 825 1701 D.
851 1639 888 1701 D.
911 1639 1065 1714 sufficere,
1088 1638 1170 1720 quod
1192 1640 1270 1699 satis

368 1727 511 1787 otiantur.

345 1747 367 1807 p
429 1806 573 1870 Secundo
600 1806 797 1884 criminetur,
831 1805 913 1884 quod
941 1826 1000 1866 uec
1026 1824 1117 1865 unam
1145 1805 1269 1865 literam

240 1934 243 1946 .
346 1912 403 1973 pro
426 1910 494 1952 mea
516 1890 670 1951 sententia
689 1887 881 1965 induxerim,
905 1907 972 1948 cum
996 1890 1063 1968 ipse
1085 1906 1140 1969 pro
1161 1906 1270 1947 receu-

321 2030 327 2046 ,
348 1977 458 2036 tiorum
481 1974 634 2035 sententia
650 1978 695 2032 tot
717 1971 893 2051 Scripturas
915 1978 947 2033 et
967 1971 1089 2032 Petrum
1111 1970 1270 2031 induxerit

347 2059 537 2119 autoritates.
556 2063 559 2071 “
580 2054 782 2135 Respondeo:
817 2055 863 2115 Eo
898 2056 995 2135 magis
1030 2054 1102 2115 mihi
1124 2060 1271 2134 suspecta

348 2143 413 2202 eius
434 2141 597 2215 sententio,
619 2157 681 2217 quo
703 2138 806 2217 plures
828 2138 957 2213 induxit,
980 2139 1118 2217 quieper
1139 2137 1272 2217 capillos

345 2232 377 2285 et
396 2224 521 2285 obtorto
546 2221 628 2283 collo
651 2218 801 2298 adduxit,
837 2222 915 2281 siout
947 2222 977 2281 iu
1009 2219 1269 2300 praecedentibus

345 2308 419 2368 satis
442 2305 516 2367 dixi.
540 2306 639 2366 bliuus
663 2312 781 2384 peccat,
805 2305 857 2383 qui
880 2303 998 2365 dubitat
1019 2306 1050 2363 in
1071 2302 1269 2384 cogitationi-

346 2392 402 2452 bus
424 2392 497 2468 suis,
520 2407 610 2471 quam
634 2390 686 2469 qui
709 2387 802 2449 dubia
823 2407 880 2448 sue
902 2387 1002 2450 verbis
1025 2387 1136 2448 divinis
1159 2387 1269 2446 nititur

270 2473 274 2489 '
348 2467 493 2536 statuere.

430 2558 511 2618 Dicit
533 2557 624 2616 etiam
634 2588 646 2632 ,1
665 2573 727 2615 non
751 2558 895 2614 constare
919 2553 987 2632 sibi,
1011 2554 1062 2632 qui
1084 2571 1139 2633 pro
1159 2553 1273 2614 orticu=

348 2641 386 2701 lis
408 2639 480 2702 fidei
502 2640 666 2720 opiniones
682 2637 823 2697 Thomas
849 2636 901 2697 vel
934 2636 1063 2697 eliorum
1096 2636 1271 2714 statuerint,
1296 2703 1312 2726 ο

348 2725 419 2804 quia
440 2722 591 2784 ccclesiae
611 2722 727 2782 lumina
749 2739 819 2781 cum
831 2718 987 2800 Scriptura
1009 2718 1181 2782 adduxerit.
1202 2718 1271 2780 Μο-

348 2814 520 2888 detergo,
549 2813 583 2866 ut
603 2804 746 2878 videam,
777 2821 856 2881 quos
877 2802 1031 2883 appellem
1054 2801 1271 2882 theologistes.

347 2891 419 2952 Dixi
438 2889 543 2965 bodie,
566 2896 598 2950 et
620 2890 728 2948 iterum
743 2886 830 2946 dico:
853 2886 999 2959 Permitto
1012 2886 1176 2966 opiniones
1198 2903 1272 2946 esse

348 2975 511 3054 opiniones
539 2971 715 3048 neminique
745 2969 808 3030 hoc
830 2969 904 3030 vitio
929 2975 1035 3046 verto,
1064 2966 1119 3028 sed
1147 2967 1272 3030 trahere

347 3062 569 3137 repugnantem
593 3051 779 3132 Scripturam
809 3053 840 3111 iu
872 3052 1009 3112 alienum
1032 3057 1179 3127 sensum,
1209 3071 1270 3131 pro

347 3137 564 3201 confirmandis
596 3135 816 3216 opinionibus,
854 3141 884 3198 et
907 3135 940 3194 in
969 3135 1029 3196 hoc
1070 3135 1271 3215 pertinaciter

349 3228 441 3298 stare,
463 3223 524 3284 hoc
545 3220 615 3281 dico
639 3218 897 3298 theologistarum
919 3237 989 3278 csse
1011 3216 1154 3280 officium.

430 3304 480 3366 Ad
503 3303 605 3382 aliud,
627 3302 666 3364 de
681 3300 809 3363 ‘oenone
831 3301 989 3378 librorum,
1011 3299 1062 3360 ubi
1085 3301 1175 3360 nixus
1197 3299 1271 3360 Hie-

348 3389 469 3468 ronymi
502 3394 534 3448 et
560 3386 683 3448 concilii
704 3385 838 3446 Florent.
872 3385 1039 3446 autoritate.
1059 3382 1175 3450 mavult
1203 3401 1270 3446 cre-

347 3471 421 3534 dere
442 3470 596 3548 ooncilio,
618 3468 700 3549 quod
723 3487 742 3528 a
763 3465 876 3550 Spiritu
899 3473 1006 3529 sancto
1028 3467 1152 3546 regitur,
1175 3485 1269 3546 quam

188 3552 197 3569 '
297 3550 302 3556 ’
348 3554 430 3633 mihi,
453 3562 485 3614 et
505 3554 619 3633 gratias
641 3571 712 3632 ago.
744 3549 799 3610 Pie·
821 3551 902 3610 euim
924 3552 1014 3630 sepit,
1036 3567 1192 3628 nunquam
1215 3569 1271 3610 vo·

347 3638 389 3698 lui
412 3637 487 3698 mibi
516 3635 609 3712 credi.
653 3633 719 3696 Sed
737 3632 912 3712 respondeo
932 3631 1083 3700 breuiter:
1114 3631 1272 3695 Oouciliet

347 3722 415 3863 {pse
437 3721 567 3801 primurn
589 3717 912 3818 Hieronymum‘sibi,
935 3717 987 3796 qui
1008 3717 1039 3776 in
1060 3715 1193 3812 prologo
1214 3734 1271 3796 ga·

359 3811 430 3865 cato
453 3801 708 3867 blacbabacorum
732 3800 828 3864 libros
861 3807 892 3860 ct
912 3799 1080 3862 nonnullos
1101 3800 1181 3860 alios
1204 3818 1271 3860 ma-

349 3944 398 3950 ...-
402 3943 584 3950 ...o-...—

384 3999 415 4060 1)
436 3998 608 4050 Praenomeu
627 3995 875 4051 Oorolostadii
899 3999 1054 4051 restitutum
1074 4013 1111 4052 cx
1129 3995 1194 4051 odit.
1215 4000 1272 4051 cri-

348 4068 447 4137 niculi,
465 4071 495 4125 in
513 4067 557 4122 ed.
576 4068 637 4122 an.
656 4067 774 4139 legitur:
796 4069 831 4124 N.
