3075 4775
348 536 411 604 396
634 539 655 593 r.
673 538 778 594 conso
796 538 832 594 n.
851 538 885 591 u.
904 538 982 595 inu

349 746 418 789 aum
440 728 498 789 toti
519 746 560 789 ex
583 732 616 791 et
641 730 672 790 in
693 736 825 809 peccato
847 730 941 789 simus
970 730 1051 805 nati,
1083 734 1194 788 natura
1222 744 1274 787 no·
1379 734 1380 795 j

349 818 414 872 stra
446 819 607 891 peccatum
640 817 713 889 est,
741 812 772 872 id
806 812 890 892 quod
912 812 1069 892 Propheta
1090 810 1126 892 *J
1153 828 1274 891 quoque

350 894 531 956 confirmat:
553 896 637 955 Ecce
657 897 688 955 in
711 896 921 976 iniquitatibus
943 902 1112 975 conceptus
1135 914 1223 971 sum,
1245 900 1275 954 et

350 980 382 1039 in
405 980 542 1058 peccatis
563 979 709 1059 concepit
729 1000 779 1040 me
801 985 899 1040 mater
920 996 999 1039 mea.
1021 979 1088 1039 Nec
1097 976 1188 1039 aliter
1205 996 1275 1039 con·

350 1062 408 1123 snli
430 1061 503 1125 hnic
524 1068 653 1124 naturae
673 1064 750 1125 vitio
776 1070 895 1144 polest,
931 1082 1021 1142 quam
1037 1064 1108 1143 ‘per
1134 1068 1274 1136 mortem,

350 1164 419 1205 cunr
441 1151 509 1207 tcta
529 1165 591 1206 una
612 1164 682 1206 curn
704 1148 840 1226 peccatis
861 1147 974 1209 interit.

431 1228 527 1289 Vides
549 1230 854 1311 igiturilhristianam
877 1231 969 1290 vitam
993 1227 1067 1289 nihil
1091 1246 1159 1288 esse
1181 1226 1275 1303 aliud,

349 1328 441 1391 quarn
461 1314 550 1373 initis
572 1313 725 1391 quaedam
746 1333 766 1374 a
787 1313 941 1393 baptismo
962 1312 1094 1373 feliciter
1115 1316 1147 1371 et
1168 1318 1276 1371 sancte

349 1395 517 1465 moriendi,
549 1395 651 1457 donec
687 1396 748 1457 hoc
782 1416 894 1477 corpus
915 1398 1056 1457 intereat.
1098 1394 1174 1454 Vult
1192 1396 1273 1454 enim

347 1478 432 1539 Deus
453 1478 610 1539 hominem
632 1481 663 1539 in
685 1481 857 1541 novissimo
880 1479 930 1540 die
950 1496 1132 1559 resurgere,
1156 1484 1191 1537 ut
1212 1484 1273 1537 tum

350 1562 445 1643 plane
465 1581 566 1622 novus
587 1564 636 1624 sit.

432 1644 563 1719 Quinto,
587 1645 845 1724 quemadmodum
868 1651 970 1707 autem
993 1644 1221 1705 demersionem
1244 1644 1273 1703 in

348 1746 460 1807 aquam
473 1728 557 1789 brevi
566 1728 673 1809 perlici
686 1728 835 1806 videmus,
843 1730 886 1790 ita
896 1746 1100 1808 quoquemox
1112 1728 1276 1788 retrahitur

348 1828 390 1871 ex
411 1831 493 1891 aqua
513 1812 623 1891 inians,
648 1818 680 1874 et
699 1812 828 1873 levatur.
851 1814 967 1873 Verum
978 1810 1162 1893 significatio
1174 1811 1273 1889 huius,

348 1895 513 1975 spiritualis
535 1895 654 1956 scilicet
674 1898 879 1976 regeneratio,
902 1894 1018 1956 donum
1038 1894 1158 1976 gratiae
1181 1900 1212 1954 et
1232 1894 1275 1952 iu-

349 1978 467 2052 stitiae,
502 1978 555 2038 illa
576 1979 607 2037 in
629 1978 785 2059 baptismo
808 1978 931 2058 quidem
953 1980 1120 2058 incipiunt,
1145 1981 1209 2037 non
1232 1983 1274 2035 ta·

348 2080 418 2122 men
447 2063 530 2140 prius
559 2062 696 2141 perfecte
718 2081 756 2122 ea
778 2062 1011 2141 consequimur,
1040 2076 1131 2139 quam
1163 2060 1274 2120 morie-

306 2220 310 2226 ,
348 2164 432 2219 mur,
454 2146 518 2204 imo
540 2164 608 2205 cum
632 2147 663 2206 in
685 2146 855 2206 novissimo
878 2144 928 2205 die
949 2144 1027 2207 haec
1048 2162 1121 2204 caro
1143 2143 1273 2203 resusci-
1379 2188 1380 2193 1

347 2226 480 2303 tabitur,
509 2233 572 2286 tum
595 2228 717 2288 demum
740 2234 884 2308 coeptum
909 2247 986 2308 opus
1016 2226 1159 2289 absolvet
1180 2226 1280 2302 Deus,

347 2315 378 2369 et
398 2309 485 2370 liberi
507 2328 527 2370 a
546 2318 676 2392 peccato
699 2319 731 2372 et
751 2319 851 2372 morte
872 2311 1002 2392 aliisque
1025 2310 1113 2371 malis
1135 2328 1274 2390 resurge·

347 2413 431 2469 mus,
468 2399 500 2454 et
528 2395 739 2456 in'aeternum
761 2396 919 2471 vivemus,
949 2395 1102 2456 tam'hoc
1131 2411 1273 2473 corpore,

346 2495 439 2555 qnam
461 2478 553 2537 etiam
578 2480 680 2539 anima
702 2477 879 2560 purificata,
904 2485 966 2538 tum
990 2477 1113 2554 demum
1136 2477 1273 2556 perfecte

347 2577 365 2620 e
386 2559 529 2640 baptismi
551 2561 638 2622 sonte
659 2562 845 2638 levabimur,
876 2568 907 2622 et
927 2579 1142 2636 renascemur,
1164 2578 1273 2640 perps-

347 2651 400 2704 tuo
421 2646 452 2703 in
475 2643 565 2706 coelo
587 2646 705 2706 moturi.

358 2767 366 2784 .
428 2727 507 2786 Nam
535 2727 610 2805 hoc,
647 2728 730 2807 quod
752 2727 925 2788 demersum
955 2727 1103 2787 infantem
1132 2744 1172 2786 ex
1194 2744 1274 2804 eque

346 2810 507 2870 retrahunt
527 2810 740 2889 catechistae,
768 2811 843 2871 nihil
867 2809 949 2872 aliud
977 2816 1039 2888 est,
1068 2827 1159 2889 qnam
1183 2809 1209 2868 si
1232 2809 1274 2868 di-

331 2900 433 2952 cant:
455 2893 539 2953 llcce
558 2895 619 2954 iarn
643 2892 785 2955 demersa
807 2902 879 2955 sunt
900 2899 952 2954 tua
973 2898 1117 2974 peccata,
1140 2910 1197 2952 nos
1219 2891 1274 2971 igi-

349 2981 396 3035 tur
417 2983 448 3036 te
468 2977 500 3035 in
523 2978 648 3037 nomine
669 2977 727 3038 Dei
749 2978 940 3058 excipimus,
969 2983 1003 3037 ut
1024 2993 1114 3053 eum,
1137 2975 1189 3054 qui
1212 2977 1273 3034 iarn

346 3060 377 3118 in
400 3065 559 3120 aeternum
582 3067 613 3119 et
634 3062 665 3120 in
686 3062 885 3122 innocentem
908 3061 1092 3140 migraturus
1114 3059 1156 3118 sis
1168 3059 1272 3118 vitam.

348 3141 400 3202 Sic
428 3144 509 3202 enim
532 3144 635 3223 angeli
657 3144 715 3203 Dei
742 3145 774 3203 in
793 3145 963 3205 novissimo
1000 3143 1050 3202 die
1074 3159 1183 3202 omnes
1205 3142 1274 3220 pios
1379 3163 1380 3170 ¹

348 3224 520 3303 baptizatos
542 3226 734 3287 Christianos
757 3226 945 3307 producent,
973 3232 1005 3286 et
1033 3231 1096 3286 turn
1120 3243 1193 3284 vere
1214 3224 1294 3284 hoc

241 3357 245 3360 .
348 3305 415 3385 det,
447 3308 530 3389 quod
561 3316 592 3369 et
612 3310 783 3389 baptismus
816 3317 848 3370 et
869 3309 1064 3370 catechistae
1086 3305 1272 3387 significant.

315 3389 616 3464 .Qnemadmodum
646 3390 720 3452 dicit
752 3392 890 3454 christus
918 3393 1025 3453 Matth.
1047 3392 1103 3454 24:
1146 3390 1276 3452 Emittet

348 3474 478 3553 angelos
501 3494 589 3553 suos,
627 3483 658 3536 et
684 3477 743 3555 ipsi
771 3469 1005 3558 congregabunt
1026 3475 1143 3535 electos
1167 3474 1274 3534 eiusa

348 3564 480 3633 quatuor
497 3560 617 3635 ventis,
646 3578 665 3619 a
687 3561 814 3620 summis
837 3560 994 3620 coelorum
1030 3575 1126 3636 usquc
1149 3557 1189 3616 ad
1213 3563 1274 3617 ter·

348 3639 449 3700 minos
473 3658 593 3702 eorum.
1022 3661 1024 3666 ’

430 3723 546 3801 Sexto,
578 3723 667 3784 huius
690 3729 815 3804 quoque
835 3724 979 3806 baptismi
1007 3731 1099 3804 typus
1120 3723 1177 3782 iuit
1200 3723 1264 3784 dilu
1379 3775 1380 3780 ,

348 3806 430 3866 vium
453 3805 528 3866 illud
550 3806 651 3885 Noha,
673 3827 734 3886 quo
758 3814 840 3868 totus
864 3807 992 3868 mundus
1016 3806 1115 3887 periit,
1140 3811 1274 3886 excepto

527 3979 681 3986 ...και-ο...-
685 3981 770 3988 ...υ-φ

385 4063 414 4128 ·)
434 4060 507 4116 nu.
527 4049 578 4118 511
