3075 4775
336 545 401 612 494
568 542 703 602 Defensio
721 545 792 603 emt
811 541 1031 602 nettnmtnom

338 731 429 792 iilum
443 749 523 809 mee,
545 731 725 812 simpliciter
741 739 774 793 et
791 731 852 793 tide
871 731 1028 811 historias,
1049 732 1093 792 ite
1114 732 1260 793 meDeus

338 822 436 891 umet,
470 816 594 894 scripsi,
624 816 700 876 nihil
730 817 831 875 minus
853 815 984 875 futurum
1006 817 1134 895 putent,
1168 833 1259 894 quam

340 899 492 978 gravatim
522 898 638 958 laturos
662 900 799 977 omnino,
820 900 995 978 quicunque
1016 905 1123 962 essent
1143 898 1261 960 lecturi.

341 981 453 1041 Verum
482 981 565 1040 banc
592 982 700 1060 iniquo
726 982 785 1042 fert
807 983 910 1042 enimc
932 981 1062 1060 Eccius,
1098 983 1150 1061 qui
1179 981 1260 1042 adeo

338 1081 402 1125 non
423 1065 526 1124 laeena
544 1072 608 1145 est,
644 1072 678 1124 ut
705 1066 828 1144 gravius
862 1065 958 1126 multo
991 1074 1108 1146 queant
1134 1083 1260 1124 succerr-

338 1165 407 1208 sere
435 1147 524 1226 mibi,
553 1147 593 1209 D.
616 1147 756 1207 Andreas
780 1148 1028 1222 Oaroloetadius,
1061 1155 1092 1208 et
1112 1148 1261 1209 Martinus

337 1230 504 1308 Lutherus,
537 1233 563 1291 si
584 1239 690 1291 nostre
712 1229 848 1310 maligne
870 1232 966 1291 velint
986 1231 1196 1310 interpretari,
1220 1231 1259 1290 ed

337 1332 416 1393 quoa
447 1332 510 1373 non
540 1314 638 1373 minus
668 1333 759 1392 quem
783 1313 822 1373 ed
844 1314 969 1374 Eceium
993 1315 1140 1393 pertinet,
1175 1315 1260 1394 quod

338 1397 377 1457 de
399 1403 466 1457 toto
493 1397 555 1457 boc
580 1415 696 1477 genere
717 1395 911 1476 disputandi,
948 1399 1010 1456 imn
1034 1396 1074 1456 de
1094 1397 1260 1476 plerisque,

338 1498 418 1560 quae
438 1482 468 1540 in
481 1478 736 1560 disceptationem
747 1476 920 1560 ἆθεόλογα
934 1479 1107 1540 inciderunt
1121 1481 1164 1558 ¹),
1186 1480 1259 1542 dixi.

336 1561 446 1642 Neque
466 1563 597 1623 arbitror
617 1563 743 1623 Eccium
767 1565 866 1643 ipsum
890 1563 970 1625 adeo
992 1563 1136 1643 perfricta
1158 1563 1260 1624 fronte

337 1665 423 1725 esse,
454 1652 487 1706 ut
508 1653 602 1726 neget
623 1647 718 1706 multa
739 1647 829 1706 buius
858 1646 1090 1726 disceptationis
1112 1645 1259 1725 Lapithes

335 1731 413 1789 istos
450 1729 648 1807 Luciumque,
691 1749 781 1808 quem
826 1729 1006 1810 Theologcn
1050 1731 1177 1810 propius
1215 1748 1260 1789 re·

340 1813 457 1873 tulisse.
911 1855 921 1863 -

419 1896 547 1975 Fateor,
582 1895 621 1956 de
643 1895 738 1956 Eccio
767 1895 861 1976 paulo
889 1896 977 1975 plura
1004 1915 1023 1955 a
1047 1915 1095 1954 me
1124 1913 1260 1955 comme-

337 1986 509 2055 morantur,
546 1997 659 2058 nempe
691 1977 775 2059 quod
801 1980 897 2058 ipsius
927 1980 959 2038 in
983 1977 1042 2038 bac
1069 1984 1136 2039 tots
1157 1977 1260 2038 fabule

336 2063 455 2142 primae
475 2070 578 2142 partes
601 2081 657 2142 per
677 2063 783 2122 omnia
804 2059 933 2141 tuerint,
960 2062 1066 2140 utqui
1088 2076 1167 2120 unus
1189 2079 1258 2120 eum

336 2145 458 2206 duobus
491 2146 595 2205 animo
632 2145 701 2224 plus
732 2161 823 2223 quem
856 2145 1031 2206 Hercuinno
1072 2160 1257 2225 congressas

336 2229 383 2290 sit.
430 2228 533 2306 Atque
560 2247 598 2287 ea
620 2228 669 2287 rel
699 2227 739 2288 ob
761 2228 823 2288 boc
843 2247 862 2288 e
883 2246 932 2288 me
960 2229 1134 2288 accuratius
1157 2227 1258 2288 obser-

338 2317 412 2370 vste
432 2317 517 2389 sunt,
552 2308 637 2390 quod
665 2311 730 2370 iere
758 2318 811 2370 aut
839 2312 964 2392 egregie
997 2317 1108 2392 arguta
1135 2317 1259 2371 suntet

336 2394 430 2472 vaira,
452 2401 505 2453 aut
523 2393 585 2454 tele
598 2394 743 2473 quiddam
755 2414 831 2475 pree
854 2414 887 2455 se
908 2395 1018 2473 ierunt,
1041 2393 1125 2474 quod
1140 2395 1258 2467 nescio,

336 2477 493 2557 quomodo
523 2479 621 2537 visum
659 2486 708 2539 est
734 2478 808 2537 mibi
836 2498 855 2538 a
886 2478 1063 2559 theologice
1092 2479 1258 2538 maiestate

334 2561 475 2622 nonnihil
504 2560 658 2623 abludere.
708 2560 789 2636 Quid
817 2562 900 2621 enim
931 2561 1084 2622 referebat
1117 2561 1257 2641 vulgaris
1285 2596 1290 2609 ι

335 2651 461 2722 notare,
491 2645 626 2725 insignia
646 2644 798 2723 quaedem
827 2653 981 2724 utcunque
1004 2646 1084 2705 inter
1104 2643 1257 2703 disseren-

335 2728 407 2787 dum
441 2735 574 2807 excepte
607 2728 813 2789 commemini.
863 2728 989 2789 Eccium
1025 2732 1143 2787 tantum
1170 2726 1259 2787 sbeet

334 2819 370 2871 nt
399 2829 526 2891 carpere
557 2811 722 2888 voluerim,
764 2817 798 2871 ut
837 2830 899 2871 non
930 2828 1037 2892 perum
1070 2811 1256 2891 argutiarum

335 2894 427 2954 etiam
460 2894 542 2955 belle
578 2895 652 2954 mibi
680 2895 823 2957 arriserit.
876 2894 908 2953 ln
937 2893 1084 2974 quasdem
1126 2894 1259 2953 fortasse

334 2976 459 3039 liberius
481 2978 556 3049 lusi,
591 2977 674 3057 quod
697 2984 731 3038 ut
751 2978 903 3055 iacerem,
937 2978 1034 3057 megin
1056 2977 1176 3057 impulit
1198 2982 1245 3036 stu

333 3060 432 3139 dium,
466 3067 499 3120 et
519 3061 613 3121 anxie
634 3060 786 3141 qnnedam
808 3060 932 3141 religio,
967 3078 1028 3139 que
1051 3060 1160 3120 videor
1184 3060 1257 3119 mihi

336 3145 432 3206 sooria
465 3144 560 3203 literis
593 3143 747 3205 obnoxius
780 3163 850 3204 esse
886 3162 976 3223 quam
1006 3143 1141 3203 morbus
1154 3144 1258 3220 animi,

334 3243 403 3286 cnm
441 3226 587 3289 audacius
630 3227 700 3287 ilias
747 3245 967 3306 nonnunquam
1005 3228 1259 3307 interpretaretur

333 3309 462 3388 Ecoins,
500 3328 591 3390 quarn
623 3311 736 3390 petitam
760 3310 850 3372 retio.
899 3310 1007 3389 Neque
1042 3310 1132 3370 snim‘
1155 3309 1258 3385 refert,

335 3392 418 3471 quod
450 3395 571 3474 magnis
593 3412 629 3453 ae
649 3392 807 3454 autoribus
830 3400 946 3471 tuetur,
979 3411 1109 3473 quorum
1135 3400 1257 3453 senten-

334 3477 406 3537 tism
436 3479 523 3556 sequi
553 3484 649 3537 tutum
672 3478 721 3537 sit.
764 3476 842 3537 Nem
866 3477 977 3539 ethos
1004 3496 1065 3556 qua
1086 3474 1148 3535 fide
1172 3494 1257 3535 secu·

333 3561 458 3635 tussit,
488 3566 599 3639 postea
631 3560 827 3639 docebimus,
859 3568 891 3621 et
912 3579 974 3621 non
1001 3560 1102 3620 statim
1124 3558 1258 3638 prebere

332 3662 391 3703 nos
413 3662 543 3703 neeesse
563 3650 621 3721 est,
644 3645 669 3704 si
692 3642 765 3723 quid
787 3660 969 3723 quacunque
991 3644 1111 3703 ratione
1127 3641 1256 3702 Ambro-

334 3728 397 3786 sius
418 3733 472 3787 sut
492 3726 698 3807 Hieronymus
721 3726 838 3789 dixere.

416 3810 513 3870 Plane
532 3829 571 3870 eo
584 3830 651 3869 aum
671 3812 703 3869 in
724 3816 847 3874 sanctas
860 3810 965 3870 literae
986 3810 1101 3887 animo,
1124 3816 1157 3868 ut
1180 3806 1256 3867 nibil

332 3949 580 3959 Μ...

404 4000 435 4067 1)
456 4000 487 4051 tn
513 4000 556 4053 ed.
579 3997 654 4053 den:
692 3999 812 4069 quaein
839 3998 1042 4067 disceptatione
1061 3996 1257 4065 intempestive

333 4072 500 4129 acciderunt.
514 4148 521 4163 ,
1025 4104 1028 4111 -
