3075 4775
540 557 558 595 a
574 540 696 599 Ilotariis
715 544 840 611 axoepta.
1109 537 1170 605 185

251 729 481 811 praedioatores
502 729 788 791 oondesoendontes
815 732 954 793 timorem
982 730 1170 812 praedicunt,

250 823 396 895 tanquam
418 813 562 894 gradum,
576 832 638 893 quo
658 834 762 875 verum
786 815 919 876 iustitiae
940 834 1076 877 amorem
1099 834 1171 877 oon·

250 916 423 979 sequamur.

556 1075 599 1137 Μ.
635 1068 889 1139 Lutheruas

328 1230 403 1291 Non
425 1236 474 1291 est
505 1230 563 1290 iste
595 1230 705 1291 modus
728 1230 898 1328 Scripturas
930 1231 1050 1313 divipas
1078 1231 1170 1293 ielioi·

248 1320 293 1375 ter
310 1312 518 1394 intelligendi,
533 1314 582 1374 vel
598 1314 828 1394 interpretandi,
851 1316 877 1374 si
891 1334 929 1375 ex
943 1314 1071 1375 diversis
1094 1314 1171 1375 loeis

248 1397 373 1458 diversa
395 1396 601 1475 deturpantur
621 1396 725 1474 diota,
745 1397 831 1458 nulla
852 1397 956 1462 habita
979 1399 1098 1459 ratione
1121 1397 1172 1462 vel
1194 1428 1198 1437 ·

247 1481 492 1558 consequentiae
520 1480 570 1539 vel
600 1480 787 1544 collationis.
834 1481 900 1541 lmo
922 1481 980 1542 iste
1002 1487 1049 1543 est
1070 1498 1171 1543 oauou

247 1563 370 1624 errandi
393 1562 652 1660 vulgatissimus
643 1583 675 1623 ru
697 1565 792 1625 saeris
813 1564 921 1627 literis.
944 1563 1076 1645 Oportet
1096 1550 1170 1644 e'rgo

247 1647 448 1727 theologum,
483 1648 510 1705 si
530 1648 611 1707 nolit
632 1666 749 1725 errare,
782 1649 955 1709 universam
985 1648 1171 1728 Scriptorum

248 1730 287 1791 ob
310 1730 426 1790 oeulos
447 1749 586 1808 ponere,
608 1737 640 1790 ιι
660 1731 816 1791 eontraria
837 1732 997 1791 contrariis
1019 1732 1168 1807 ιοιιιιιιι,

247 1820 277 1873 et
304 1815 388 1873 siout
416 1811 477 1872 duo
501 1812 664 1874 Cherubim
687 1813 825 1875 adversis
848 1814 981 1875 vultibus
1015 1815 1171 1892 utriusque

248 1896 441 1956 diversitatis
457 1914 642 1956 eonsensum
672 1898 704 1957 in
737 1897 841 1957 medio
863 1898 952 1979 propi
955 1898 1096 1959 tiatorii
1089 1916 1171 1958 mve-

247 1980 312 2039 nire
324 1978 495 2058 ‚alioquin
519 1978 682 2041 cuiuslibet
702 1979 866 2041 Cherubim
889 1980 990 2041 vultis
1011 1981 1107 2060 longe
1128 1978 1171 2041 di·

248 2068 349 2123 vertet
368 2080 534 2141 aequatem
547 2062 670 2123 ooulum
694 2083 714 2123 a
728 2064 953 2143 propitiatorio,
975 2063 1005 2123 id
1018 2070 1074 2139 est
1096 2083 1172 2123 vera

248 2145 361 2206 Christi
382 2144 595 2225 intelligentia.

331 2227 468 2289 Pnoinde
488 2246 643 2307 nunquam
667 2228 741 2289 mihi
764 2228 957 2309 egregiusll
970 2229 1007 2290 D
1025 2229 1173 2290 remotior

1204 300 1326 307 —vv----v-
1338 302 1341 304 ,
1352 302 1355 304 ,

249 2313 330 2371 visus
353 2316 403 2371 ιιι
418 2331 439 2371 a
459 2312 553 2371 saeris
574 2311 680 2391 literis,
702 2331 792 2392 quam
806 2310 924 2388 hodie,
932 2318 1024 2391 atque
1047 2330 1085 2373 eo
1110 2330 1171 2371 ma·
1241 2362 1247 2371 .

249 2398 305 2478 gis,
329 2395 415 2475 quod
435 2383 650 2456 oonolhdeudo
672 2396 793 2474 latetur,
816 2394 1049 2474 laudabiliorem
1063 2402 1095 2456 et
1104 2415 1171 2475 per
1209 2403 1214 2414 ·

248 2480 407 2540 festiorem
436 2497 505 2540 esse
527 2480 771 2560 poeniteutiam
806 2480 832 2538 si
855 2477 893 2540 ab
911 2498 1017 2540 amore
1037 2479 1172 2540 iustitiae

248 2563 408 2642 iuoiperet,
430 2562 510 2622 siout
531 2580 591 2642 ego
615 2563 714 2640 sapio,
736 2580 827 2640 quam
850 2563 875 2622 si
888 2564 1027 2629 atimore
1049 2580 1171 2642 poenae

250 2647 414 2726 insiperet
442 2643 538 2718 Quasi
559 2663 620 2704 uon
645 2644 818 2705 conandum
843 2647 891 2722 sit,
911 2652 946 2705 ut
968 2643 1172 2723 laudabiliter,

249 2737 279 2788 et
301 2735 336 2787 ut
355 2726 517 2789 lohannes
541 2726 577 2806 ¹⁸¹)
601 2728 665 2801 ait
694 2727 804 2808 dignos
827 2727 941 2788 fruetus
964 2727 1172 2808 poenitentiae

248 2829 386 2892 ιςιιιιιιι.
419 2809 497 2870 Nam
519 2810 580 2871 hoo
601 2829 725 2890 prorsus
747 2831 809 2871 nou
833 2812 962 2890 aooipio,
984 2810 1065 2889 quod
1090 2809 1172 2886 dioit,

247 2893 442 2990 fragilitatem
472 2900 609 2954 nostram
630 2894 775 2968 obstare
803 2896 965 2972 quominus
980 2892 1033 2953 ¹ub
1064 2911 1170 2952 amore

247 2977 382 3037 iustitiae
403 2976 654 3055 poenitentiam'
645 2978 838 3056 incipiamus.
867 2976 900 3038 Si
921 2976 1088 3037 seeundum
1111 2974 1170 3034 ha·

248 3059 398 3140 gilitatem
421 3067 557 3119 nostram
580 3059 735 3140 agendum
756 3071 826 3135 ιιι
849 3069 880 3120 ιι
898 3060 1053 3139 Scriptura
1075 3077 1169 3138 expo·

248 3141 360 3239 nenda,
383 3160 537 3220 nunquam
560 3142 802 3223 poenitebimus,
827 3143 894 3204 sed
904 3141 942 3203 de
963 3142 1065 3203 diem
1087 3140 1169 3202 diem
1275 3139 1276 3144 ’

247 3228 371 3304 peiores
394 3223 510 3286 demus
554 3224 656 3299 Quare
691 3232 856 3322 antequam
878 3226 1082 3305 respondeam
1106 3225 1168 3284 auis

248 3308 388 3382 obieotis,
410 3309 508 3386 primo
532 3303 656 3369 deolaro
679 3310 861 3393 meipsum.

330 3390 440 3450 Omnis
461 3389 545 3452 bona
565 3392 627 3452 vita
647 3411 776 3454 neeesse
798 3401 846 3454 est
867 3397 899 3454 ut
919 3393 1092 3453 instituatur
1115 3411 1169 3470 per

247 3475 382 3552 aliquam
405 3473 526 3554 legem
556 3473 628 3535 ideo
652 3476 702 3536 lex
725 3477 905 3556 principium
940 3481 988 3534 est
1010 3475 1168 3554 poeniten

250 3559 310 3618 tiae
333 3555 498 3617 utriuslibet
518 3558 591 3618 boui
615 3559 728 3638 operis.
759 3557 861 3632 Quare
883 3559 943 3620 et'
935 3578 966 3618 ru
988 3559 1169 3654 poenitente

249 3648 321 3702 aute
342 3640 448 3701 omnia
469 3648 594 3720 oportet
615 3642 663 3702 vel
686 3641 816 3702 revelari
839 3642 889 3702 vel
911 3641 1033 3722 suggeri
1056 3641 1167 3720 legem,

250 3730 358 3784 eontra
380 3739 470 3802 quam
493 3722 617 3801 feeerit,
636 3732 667 3785 et
688 3724 855 3785 secundum
879 3744 969 3804 quam
992 3721 1094 3784 faeere
1117 3722 1166 3782 de-

249 3806 307 3870 het.
331 3805 416 3886 Lege
436 3813 540 3866 autem
560 3770 829 3870 mahileatatat
776 3815 829 3868 aut
860 3808 890 3868 in
920 3808 1099 3869 memoriam
1122 3825 1166 3865 ιι

249 3897 361 3951 vooata
382 3909 455 3950 mox
476 3891 615 3970 sequitur
634 3897 831 3972 augmentum
854 3892 995 3973 peooati,
1031 3891 1055 3949 si
1088 3888 1168 3948 desit

285 4059 316 4130 ⁸)
336 4059 432 4114 unua.
447 4058 473 4114 ι.
