3075 4775
285 623 289 637 ,
339 552 402 621 272
570 557 667 613 viloeol.
688 558 714 610 b.
734 568 819 626 saper
835 551 1022 625 Proposition.

340 726 477 799 remittit,
499 725 635 806 etfacit,
656 733 690 787 ut
709 732 891 807 peccatores
912 744 975 788 non
997 728 1059 789 sint
1072 729 1268 807 peccatores,

341 808 525 889 negantibus
546 817 649 871 autem
672 817 809 875 reservat
830 817 862 871 et
882 810 965 889 iacit,
987 816 1022 871 ut
1040 809 1112 871 iusti
1129 806 1268 869 nonsint

342 892 423 955 iusti.
466 890 601 953 Proinde
620 892 759 955 definitio
782 894 855 955 iusti
875 894 906 953 in
928 894 986 953 bac
1012 895 1077 954 vitu
1104 897 1153 952 est
1171 890 1267 954 baec:

341 974 442 1035 iustus
463 977 562 1055 primo
585 983 748 1037 accusator
769 985 818 1038 est
837 976 896 1055 sui,
916 976 987 1039 ideo
1009 976 1126 1038 iustitia
1137 972 1267 1040 Christi-

341 1076 402 1117 ana
430 1063 477 1120 est
502 1060 658 1120 accusatio
690 1060 753 1137 sui3
783 1078 874 1138 quam
902 1061 965 1121 cito
989 1061 1072 1141 perit
1105 1057 1294 1124 accusauit,

341 1142 397 1219 sui,
419 1142 521 1201 statim
542 1142 659 1205 recedit
675 1160 800 1222 quoque
819 1143 943 1205 iustitia.
986 1142 1052 1206 Hos
1066 1141 1266 1203 confessores

340 1222 477 1285 Christus
498 1233 601 1304 gestat
621 1226 653 1285 in
682 1226 836 1305 triumpho
862 1246 937 1287 suo:
971 1226 1063 1287 Jesus
1082 1224 1266 1285 Nannenus

340 1306 408 1368 Rex
429 1306 632 1386 Judaeorum,
653 1308 684 1369 id
707 1313 764 1389 est,
789 1309 1012 1371 consessorum.
1035 1308 1105 1371 Hoc
1126 1314 1175 1369 est
1196 1325 1264 1367 ver·

341 1388 413 1451 bum
436 1390 550 1451 bonum
572 1398 604 1452 et
624 1410 728 1471 suave,
751 1391 834 1471 qnod
847 1392 1018 1472 Apostolus
1041 1388 1220 1457 1.Tinrotb.
1235 1392 1265 1451 1.

340 1472 557 1536 iucundissime
580 1482 719 1536 resonat:
742 1474 856 1539 Fidelis
873 1494 987 1553 sermo,
1008 1484 1042 1542 et
1056 1476 1266 1551 omnieccep·
1320 1496 1325 1509 .

341 1557 459 1619 tadone
480 1554 609 1637 dignus,
645 1559 718 1636 quin
737 1559 828 1619 Jeeus
851 1554 992 1622 Christus
1019 1559 1157 1622 venitin
1178 1556 1267 1617 bunc

342 1639 467 1702 modum
490 1647 671 1719 peccatores
693 1641 797 1703 salvos
828 1642 948 1722 facem,
981 1661 1112 1722 quorum
1135 1641 1266 1720 ,primus

342 1740 402 1803 ego
426 1742 501 1785 sum.

425 1840 520 1921 Igitur
541 1846 603 1901 stat
623 1860 694 1903 mea
715 1842 853 1903 secunda
874 1843 1065 1923 propositio,
1097 1848 1129 1901 et
1158 1838 1266 1912 claret,

341 1923 498 2001 quomodo
528 1932 688 2004 peccatum
717 1937 877 1986 remaneat
896 1932 967 2006 post
988 1925 1194 2005 baptismum,
1235 1929 1267 1980 et

341 2008 479 2066 inomni
502 2026 596 2087 opere
625 2008 709 2069 bono
737 2011 777 2069 sit
798 2016 960 2090 peccatum
986 2009 1029 2084 (si
1052 2003 1267 2067 misericordia

340 2108 403 2151 non
426 2093 623 2165 succurrerit)
639 2092 779 2153 ⁴mortuis
803 2092 960 2158 etnutium
984 2109 1053 2166 esse
1074 2096 1185 2151 natura
1208 2105 1267 2147 sua

298 2230 306 2241 ,
339 2172 468 2235 veniale.
516 2172 619 2248 Quare
656 2177 765 2236 iterum
805 2174 977 2252 stabilitur,
1011 2173 1094 2255 quod
1128 2171 1263 2235 muito¹t

342 2256 442 2335 magis
463 2261 550 2318 actus
572 2246 835 2338 impiordm·sunt
856 2276 939 2319 mere
960 2258 1049 2336 mali,
1080 2264 1112 2317 et
1132 2256 1179 2317 sic
1202 2272 1267 2315 om·

313 2358 319 2375 ·
342 2339 389 2399 nis
411 2344 498 2400 setus
521 2346 574 2402 aut
595 2340 695 2403 bonus
708 2340 723 2381 ²
737 2349 745 2415 t
761 2348 816 2404 a'ut
835 2342 934 2404 malus
952 2347 1061 2403 contra
1082 2338 1268 2402 determina·

341 2423 457 2484 tionem
480 2424 871 2505 conciliitionstantieusia,
893 2425 925 2486 id
948 2432 1004 2500 est,
1025 2423 1268 2499 Thomistarum,

340 2525 418 2587 quos
440 2507 482 2568 ibi
504 2526 653 2590 regnasse
675 2516 811 2590 apparet.

425 2624 474 2684 Ex
495 2624 542 2684 bis
566 2627 669 2703 etiam
682 2627 833 2709 infertur,
867 2625 995 2689 liberum
1019 2625 1176 2699 arbitrium
1201 2641 1272 2683 csse

342 2725 426 2768 mere
449 2710 606 2788 passivum
629 2712 660 2770 in
683 2712 768 2772 omni
804 2719 875 2774 actu
896 2730 971 2790 suo,
1002 2711 1054 2790 qui
1074 2708 1164 2786 velle¹
1179 2725 1272 2767 vocn-

332 2797 404 2870 tur,
439 2799 471 2852 ct
502 2790 612 2854 frustra
652 2795 759 2874 garriri
789 2792 1018 2856 distinctionem
1039 2791 1271 2874 Sophistarum:

342 2874 453 2934 Actum
476 2874 591 2936 bunum
614 2895 683 2938 esse
706 2885 806 2940 totum
828 2877 940 2956 aDeo,
962 2875 1017 2939 scd
1039 2895 1102 2948 nnn
1121 2873 1270 2935 totaliter.
1317 2945 1321 2950 ⁴

339 2957 396 3033 Est
418 2959 500 3018 enim
540 2966 623 3020 totus
646 2966 678 3022 et
708 2961 846 3024 totaliter
866 2981 886 3022 a
906 2960 991 3038 Deo,
1026 2960 1100 3041 quie
1120 2955 1269 3021 voluntas

341 3037 485 3124 gratiass)
511 3061 573 3102 nou
597 3045 655 3103 nisi
677 3048 811 3126 rapitur,
844 3043 988 3122 trahitur,
1024 3049 1184 3117 movetur,
1217 3039 1269 3118 qui

341 3130 455 3185 tractus
480 3125 656 3188 redundans
685 3128 716 3187 in
740 3128 877 3191 membra
904 3133 936 3189 et
966 3128 1046 3188 vires
1069 3144 1124 3186 een
1145 3123 1270 3184 animae

342 3225 396 3268 seu
419 3209 556 3288 corporis
585 3215 632 3270 est
655 3211 719 3270 cius
743 3211 906 3289 activitas,
928 3217 960 3272 et
980 3209 1066 3271 nulla
1086 3207 1168 3286 alia,
1189 3205 1270 3266 sicut

341 3297 455 3351 tractus
478 3311 581 3352 serrae
604 3287 740 3354 secantis
758 3294 779 3356 li
800 3314 874 3355 num
897 3301 946 3355 est
965 3311 1071 3359 serrae
1092 3310 1178 3367 mere
1200 3308 1268 3370 pee-

340 3374 464 3434 eivusa
491 3383 630 3450 sectore,
662 3396 721 3438 nec
754 3315 802 3440 ad
829 3384 959 3438 tractum
986 3371 1268 3454 suumquidquam

342 3465 536 3538 cooperatur,
559 3459 613 3520 aed
625 3468 727 3522 tamen
744 3467 843 3525 tracta
855 3463 916 3542 iam
928 3463 959 3520 in
971 3459 1088 3542 lignum
1112 3465 1269 3553 operatur,

341 3541 474 3622 impulsa
495 3545 592 3624 magis
615 3563 705 3624 quam
729 3543 910 3627 impellens,
933 3563 1012 3624 quac
1034 3549 1163 3604 serratio
1188 3559 1268 3620 opus

342 3626 407 3685 eius
431 3645 500 3686 cum
522 3635 672 3689 serratnre
695 3625 822 3707 dicitur,
856 3647 926 3711 cum
955 3636 1057 3702 tamen
1085 3643 1169 3686 mere
1190 3623 1266 3704 poti-

342 3716 419 3771 atur.
462 3708 523 3771 sed
546 3711 585 3771 de
606 3711 667 3771 hoc
689 3731 745 3772 suo
768 3718 909 3792 tempure
930 3710 1032 3772 latius.

376 3961 409 4066 dd
425 4000 455 4052 ln
474 3997 595 4050 edibone
615 3998 704 4065 orig.:
724 3996 883 4050 multorum.
902 3995 934 4055 21
954 3995 986 4048 In
1003 3994 1047 4050 od.
1064 3992 1128 4053 Jen.
1149 4009 1175 4049 a.
1197 3993 1266 4050 tuot

342 4069 500 4130 decentum
517 4069 623 4164 mnus..
637 4067 751 4130 3trlbtd.
772 4067 897 4138 legium
917 4070 1046 4136 gratinus
