3075 4775
574 579 593 616 a
607 563 729 618 llstsriis
750 569 872 654 excepta.
1129 563 1171 633 w

248 748 352 810 mitate
379 749 413 808 in
434 748 491 810 tali
511 748 712 812 massus
732 754 766 810 ct
788 747 967 830 metaphora
988 749 1171 830 mumolus?

248 833 304 894 sic·
317 841 351 892 et
373 851 410 892 os
432 832 645 912 apostolarum
669 832 787 911 dicitur,
809 832 891 912 quod
913 850 1007 912 saepe
1029 853 1086 912 pro
1107 853 1173 897 om·

247 917 332 976 nibus
346 914 502 995 apostolis
524 917 614 978 luerit
634 915 764 993 locutus,
786 915 869 994 quod
892 922 924 976 ct
944 915 1170 997 B.Ohrysosto‹
1222 949 1229 968 ο

248 1019 311 1060 mus
336 997 501 1078 ponderat.

238 1089 243 1096 “
325 1082 377 1142 De
395 1082 537 1144 Decretis
558 1080 649 1158 dicit,
663 1081 717 1142 illa
738 1101 808 1143 esse
828 1081 1025 1162 frigidissima
1036 1082 1172 1161 decreta,

247 1165 369 1244 dequo
394 1165 557 1245 plurimum
582 1165 689 1243 miror,
717 1166 849 1224 cunin
878 1164 1087 1244 disputatione
1113 1187 1171 1229 suo

246 1250 399 1330 posuerit,
425 1249 514 1310 Rom.
539 1247 701 1308 ecclesiam
732 1267 802 1308 esso
828 1248 970 1310 omnibus
991 1249 1060 1308 aliis
1081 1267 1169 1330 supe-

245 1334 368 1408 riorem,
390 1330 538 1410 probatur
556 1351 595 1390 ex
608 1330 810 1410 frigidissimis
821 1332 911 1392 Rom.
925 1331 1105 1411 pontificum
1118 1332 1169 1392 dc·

246 1417 361 1491 oratis,
391 1416 473 1474 istra
495 1413 735 1494 quadringentos
758 1430 857 1475 annos
878 1416 980 1492 natis,
1007 1422 1039 1476 et
1059 1434 1120 1495 ego
1142 1417 1171 1476 ei

247 1499 375 1560 multum
397 1499 567 1558 vetustiora
589 1494 785 1576 adduxerim,
801 1505 967 1578 antequam
987 1499 1105 1578 incepit
1124 1518 1172 1558 rc·

245 1583 415 1663 frigescere
433 1582 548 1640 ceritas
568 1580 740 1644 multorum.

327 1664 557 1744 Subterlugium
569 1681 658 1724 suum
681 1683 743 1724 non
759 1665 890 1745 accipio,
913 1683 975 1743 quo
982 1671 1081 1744 negat
1094 1680 1169 1725 aon·

153 1773 154 1822 1
245 1749 436 1810 stitutionem
465 1747 549 1806 illam
577 1767 645 1806 esse
668 1747 830 1822 Anaoleti,
857 1766 927 1807 nam
959 1749 1003 1808 sic
1031 1749 1168 1809 omnium

153 1901 154 1906 η
247 1831 455 1892 conciliorum·
473 1836 504 1890 ct
525 1817 713 1890 sirmmorum
736 1829 922 1890 Pontificum
951 1830 1075 1890 decreta
1097 1832 1169 1893 mibi
1224 1884 1228 1891 .

153 1915 154 1958 l
245 1907 400 1994 sigillatim
423 1913 639 1992 eluderentur,
669 1920 701 1974 et
731 1915 776 1972 sio
804 1920 872 1974 tota
890 1913 1019 1974 facultas
1042 1914 1169 1974 iuridica

153 1991 154 2060 Ϊ
246 1997 386 2057 salsitatis
408 1996 633 2058 insimularetur
653 1996 702 2074 ¹),
737 1997 824 2076 quasi
856 1996 941 2056 falsis
962 1996 1169 2072 fundamentis

153 2145 154 2166 χ
245 2082 281 2140 sit
291 2082 411 2154 innixa,
421 2081 452 2138 in
467 2077 661 2160 lectionibus,
682 2077 898 2158 decisionibus,
912 2079 1031 2140 iudiciis
1045 2087 1077 2139 et
1087 2081 1166 2139 simi-

153 2181 154 2240 ,
244 2162 330 2224 libus.
348 2161 915 2242 Etsieiuraeorumpontifioiaerunt
936 2162 1074 2244 denigrn
1086 2164 1166 2240 laba,
1250 2227 1255 2243 ¹

245 2247 300 2306 nisi
316 2265 474 2331 consensu
488 2248 580 2306 totius
600 2245 828 2306 christianitatis
857 2243 969 2306 fubrint
985 2247 1166 2326 approbata.

245 2327 332 2391 Unde
361 2329 446 2390 nullo
476 2334 568 2409 pacto
601 2327 780 2412 recipienda
807 2339 855 2390 est
873 2329 1043 2391 »reverendi
1069 2329 1167 2391 Patris

244 2414 414 2490 sententia,
444 2430 512 2473 cum
542 2414 677 2473 omnium
701 2430 888 2473 summorum
910 2412 1092 2475 Pontificum
1115 2414 1169 2474 de·

246 2506 329 2557 oreta
352 2503 384 2557 et
419 2494 619 2557 conciliorum
647 2498 677 2556 in
712 2496 849 2577 pluribus
871 2496 948 2557 locis
969 2498 1169 2579 reperiantur,

244 2588 273 2641 rt
295 2587 328 2640 ut
354 2588 401 2639 est
413 2578 515 2639 audax
531 2578 688 2639 hominnm
707 2598 815 2661 genus,
837 2580 951 2640 dudum
971 2582 1100 2641 luissent
1122 2600 1166 2641 re

244 2665 330 2743 perti,
355 2665 407 2743 qui
430 2663 550 2722 simiam
572 2662 655 2723 illam
669 2662 812 2723 Anscleti
835 2664 959 2724 leonina
980 2663 1060 2745 pelle
1082 2666 1166 2725 lnce*

243 2746 366 2806 dentem
389 2746 594 2825 diripuissent.
622 2744 703 2807 Nisi'
721 2765 795 2827 ergo
818 2746 987 2807 ostenderit
1014 2748 1045 2806 in
1067 2745 1165 2829 Origi-
1272 2774 1282 2785 «
1384 2777 1385 2786 1

245 2830 363 2890 nalibns
386 2828 441 2889 illa
461 2848 526 2889 non
547 2828 662 2907 haberi,
685 2827 777 2890 lldem
801 2832 829 2890 ei
849 2849 913 2891 non
935 2828 1077 2891 adhibeo.

322 2913 485 2974 Postremo
524 2910 562 2973 de
592 2912 737 2973 Bohemis
765 2912 861 2991 dixit,
898 2920 980 2973 certe
1008 2930 1070 2973 non
1099 2913 1165 2981 sine

243 2994 478 3057 christianorum
523 2994 684 3055 doctorum
719 2996 926 3074 contumelia,
961 2996 1065 3076 plures
1096 3012 1166 3081 esse

244 3081 454 3141 criminatores
483 3078 706 3157 Bohemorurd,
734 3078 786 3139 ubi
815 3080 876 3139 sint
904 3079 955 3159 qui
978 3097 1017 3139 ex
1037 3080 1165 3139 osrltate

238 3167 271 3246 ¹et
291 3163 377 3223 bono
401 3162 468 3222 zelo
493 3170 601 3222 contra
623 3180 677 3223 eos
702 3162 838 3222 scribant
867 3168 898 3221 et
919 3181 974 3223 eos
1003 3161 1165 3223 exhorten-
1275 3220 1279 3223 .

243 3253 295 3326 tur,
308 3247 353 3307 ibi
364 3250 531 3306 exerceant
547 3246 704 3329 ingenium
720 3251 751 3305 et
765 3247 954 3306 memoriam.
977 3244 1058 3320 Quid
1069 3246 1162 3307 surdo

242 3348 394 3390 narrarem
421 3326 579 3392 fabulam?
616 3328 657 3388 dt
680 3328 862 3388 christianus
891 3343 1005 3410 negare
1027 3347 1089 3390 non
1113 3329 1165 3389 de-

242 3411 289 3473 bet
316 3413 467 3495 plurimos
497 3412 614 3493 optimo
644 3411 711 3487 selo
746 3419 848 3472 motos
877 3419 985 3472 contra
1005 3413 1167 3474 Bohemos

243 3498 409 3577 scripsisse,
425 3492 532 3575 quales
544 3495 665 3555 fuerunt
677 3494 783 3555 Patres
798 3497 829 3554 in
845 3495 1163 3580 ConstantiensiOoua

242 3580 308 3641 cilio
333 3578 472 3661 deputati
494 3578 603 3657 ‘qualis
633 3576 689 3638 fuit
707 3578 828 3640 Doctor
849 3578 1040 3658 respondens
1065 3578 1162 3639 Bohe

243 3666 293 3724 mis
314 3665 347 3723 in
371 3661 468 3723 Conci
482 3662 511 3722 io
535 3660 762 3741 Herbipolensi,
785 3661 883 3740 qualis
905 3662 1067 3741 Ragusius,
1090 3682 1162 3741 qua·
1239 3682 1241 3688 ·

241 3745 274 3806 lis
295 3748 433 3827 optimae
458 3744 619 3823 probitatis
649 3751 680 3805 et
703 3743 862 3805 doctrinae
889 3744 1048 3805 lohannes
1072 3747 1160 3825 Capi·

242 3838 375 3911 strenus,
405 3829 442 3891 b.
471 3826 624 3887 Francisci
652 3828 815 3905 sacerdos,
844 3828 986 3889 omnibus
1018 3827 1160 3889 fidelibus

285 4091 316 4161 l)
332 4078 370 4145 ,In
389 4087 434 4143 ed.
446 4058 543 4155 vorig.:
570 4084 755 4139 insimulatur.

872 4095 957 4219 5²³¹
