3075 4775
345 545 388 616 ω
547 547 703 615 Disputatio
722 547 832 616 lipsiae
849 547 945 602 habite
961 563 984 600 e
1002 548 1065 602 xlx

347 731 410 796 Sed
432 751 521 812 quern
545 730 685 794 modeste
713 739 746 792 et
776 731 944 794 humiliter
960 731 1148 794 menendus
1177 732 1269 794 Pater

346 817 587 896 Augustinienus
603 815 812 896 responderit,
833 815 963 877 eliomm
971 816 1013 876 sit
1020 815 1176 896 iudieium,
1198 835 1268 876 eum
1298 871 1304 883 ,

347 919 424 962 unus
446 919 480 960 se
501 899 675 979 promiserit
694 906 740 960 tot
761 900 875 960 sanetis
894 899 1034 960 Panibus
1054 915 1090 960 se
1110 901 1269 980 oppositu·

346 1001 419 1044 rum.
457 983 525 1044 Hoo
547 989 594 1043 est
615 1001 720 1044 verum
742 982 936 1061 Boemioum,
964 982 1034 1062 plus
1056 982 1136 1043 velie
1156 982 1270 1043 intelli·

273 1133 278 1138 ,
346 1085 419 1146 gere
441 1083 560 1126 seuram
584 1065 782 1146 Seripturern,
802 1084 895 1144 quern
917 1067 1028 1126 summi
1049 1065 1268 1147 pontifieee1),

347 1147 495 1226 Gonoiiia,
518 1149 669 1210 Dootores
692 1156 724 1210 et
736 1149 960 1210 Universitates
980 1149 1013 1209 in
1025 1168 1138 1230 magno
1159 1150 1270 1230 vigore

347 1233 530 1310 existentes,
561 1251 629 1292 oum
656 1240 760 1293 tamen
789 1231 918 1312 Spiritus
945 1239 1070 1293 sanetus
1103 1233 1288 1293 ecelesiam·

346 1323 432 1376 'suern
456 1335 517 1376 non
541 1315 718 1376 deseruerit.
740 1315 781 1374 Et
798 1311 906 1376 mitum
930 1323 1022 1395 esset,
1038 1316 1065 1374 ei
1084 1315 1168 1376 illem
1191 1316 1270 1376 veri·

346 1405 440 1462 tstem
457 1398 540 1460 Deus
563 1404 609 1458 tot
621 1397 741 1459 Sanctis
764 1404 796 1458 et
815 1398 999 1478 Martyribus
1021 1398 1268 1460 oeoultessetus·

346 1501 406 1562 que
435 1481 473 1541 ed
504 1480 669 1542 adventurn
695 1479 856 1542 reverendi
878 1480 984 1541 Petris.
1017 1481 1125 1560 Neque
1154 1483 1271 1543 erinoit

346 1563 1270 1727 tortuttttrtttutrtsttrttetr:

346 1738 411 1792 stus
432 1737 529 1811 petre,
551 1737 599 1790 est
618 1727 861 1810 fundamentum,
877 1738 926 1792 est
940 1731 1019 1812 lepis
1033 1732 1199 1812 angularis,
1221 1738 1271 1791 est

346 1820 439 1894 oeput
460 1813 612 1874 eoolesiae
632 1812 845 1878 indubitatum.

428 1896 523 1958 Porro
545 1895 599 1958 ille
620 1915 683 1957 non
705 1896 819 1958 debere
830 1896 955 1958 attribui
969 1899 1035 1958 eius
1048 1898 1174 1972 orario,
1195 1915 1270 1958 eon·

346 1987 393 2041 tna
414 1979 444 2042 S.
466 1980 590 2041 Petrum
612 1989 645 2040 et
663 1980 829 2060 Martyrum
852 1983 1092 2058 attestationem,
1113 1999 1177 2042 non
1198 1999 1270 2042 esse

346 2062 579 2145 eoeeptendum.
615 2063 830 2124 Retiuneulam
852 2063 965 2124 edieeit
988 2065 1081 2124 etiem
1110 2083 1209 2144 nuper
1235 2065 1269 2124 in

346 2146 464 2226 vulgari
475 2164 620 2211 sermone
632 2142 878 2207 disseminatam:
901 2146 933 2209 Si
950 2166 1043 2228 super
1055 2154 1271 2227 petram,quo·

262 2289 267 2294 .
348 2227 554 2310 modo⁶super
574 2230 696 2290 Petrum
727 2229 860 2290 eoeleste
887 2228 1042 2292 aedificari
1074 2231 1188 2310 potuit,
1216 2232 1271 2309 qni

346 2311 385 2372 ed
407 2312 497 2373 unius
519 2312 683 2374 ancillulae
704 2331 814 2374 vooem
837 2312 992 2374 Christum
1014 2321 1047 2374 et
1066 2311 1159 2374 fldem
1181 2312 1270 2373 Ghri·

346 2398 478 2457 strenam
501 2396 678 2477 abnegaret.
720 2396 831 2458 Pereat
859 2398 933 2459 mihi
959 2397 1147 2458 reverendus
1168 2397 1271 2477 Peter,

346 2498 415 2539 oum
439 2479 667 2560 philosophiam
675 2480 902 2542 Aristotelieam
924 2488 1104 2543 contemnet
1123 2487 1157 2541 et
1170 2500 1272 2561 grem-

346 2564 488 2623 rnetinem
511 2564 588 2623 tenti
609 2562 712 2641 faeiat,
735 2582 789 2624 eur
809 2564 861 2624 hie
881 2564 999 2644 lynceis
1010 2566 1073 2626 suis
1094 2564 1191 2625 ooutis
1200 2582 1270 2625 ver·

348 2644 430 2725 bum,
444 2644 633 2726 Aedifinabo,
647 2646 738 2709 futuri
759 2648 909 2728 temporis
930 2666 994 2708 non
1015 2649 1182 2728 perspexit,
1197 2644 1269 2708 ‘non

346 2730 426 2789 enim
450 2746 565 2810 sponso
588 2736 767 2809 praesente,
796 2730 848 2793 ubi
876 2729 930 2792 filii
950 2730 1159 2807 laetabantur,
1188 2749 1270 2811 opus

345 2820 411 2874 erat
433 2814 558 2889 vinario,
578 2833 678 2893 neque
700 2821 773 2875 tuno
796 2814 933 2875 Christus
955 2817 984 2875 ei
1005 2820 1193 2894 potestatem
1216 2813 1270 2875 de·

346 2894 391 2957 dit
413 2896 563 2975 olerium,
591 2897 646 2957 sed
673 2898 776 2979 potius
803 2899 952 2977 promisit.
995 2899 1078 2959 Ante
1108 2914 1183 2978 ergo
1206 2897 1269 2959 ele·

347 2982 426 3039 rium
450 2986 481 3042 et
501 2981 663 3061 potestatis
691 2980 847 3042 dationem
876 2981 917 3042 ab
946 2982 1073 3043 ostiarie
1092 2980 1269 3061 interpella

344 3068 392 3123 tus
420 3063 477 3125 fuit
506 3063 536 3125 S.
562 3063 686 3143 Petrus,
716 3064 799 3144 quod
827 3071 859 3125 et
884 3064 1065 3126 Ambrosius
1097 3071 1129 3126 et
1154 3063 1270 3125 dehine

344 3142 512 3226 Gregorius
535 3152 695 3209 testentur.
1080 3213 1082 3216 ,

426 3228 476 3289 Ad
499 3230 751 3310 chrysostomum
773 3230 948 3311 respondit,
975 3231 1098 3293 Petrum
1130 3231 1268 3310 superio·

343 3330 408 3371 rem
435 3310 529 3373 fuisse
558 3314 693 3391 bonore,
721 3334 793 3375 nem
821 3322 853 3375 et
880 3314 992 3375 Paulus
1020 3315 1123 3395 plnres
1148 3314 1271 3393 paverit

344 3394 502 3457 eeclesias.
525 3395 619 3471 Quasi
647 3397 834 3475 reverendus
855 3398 945 3458 Peter
972 3415 1035 3458 non
1058 3398 1127 3479 plus
1148 3396 1269 3477 proedi-

345 3479 470 3556 oaverit,
494 3483 659 3558 quam-iam
683 3480 993 3566 summusj’ontiiex,
1015 3488 1047 3542 et
1067 3482 1108 3543 ob
1122 3481 1184 3542 hoe
1204 3498 1271 3541 non

344 3562 384 3621 sit
412 3560 559 3623 dioendus
593 3566 693 3627 maior
715 3572 821 3645 pastor
850 3584 937 3643 quam
964 3584 1055 3645 pepe.
1098 3564 1150 3625 sio
1176 3565 1269 3625 nimis

284 3664 286 3671 ’
344 3642 495 3705 subtiliter
516 3665 550 3707 se
572 3654 694 3727 torquet
715 3648 904 3728 indictione,
926 3655 1045 3726 vertex,
1067 3649 1155 3727 qnasi
1171 3646 1272 3727 Chry·

343 3733 499 3789 sostomus
522 3748 585 3790 non
608 3732 772 3811 primatum
795 3729 894 3791 voluit
909 3731 1092 3813 intelligere.
1114 3730 1177 3791 Sed
1198 3732 1269 3811 quis

342 3808 403 3871 hoo
424 3811 512 3890 ieret,
535 3831 603 3873 oum
626 3815 830 3895 symbolicum
850 3816 900 3895 sit,
921 3823 953 3876 et
974 3822 1083 3879 vertex
1103 3832 1162 3895 pro
1184 3833 1270 3876 sume

243 4098 247 4107 ‹
298 4106 300 4111 -
396 4070 426 4138 1)
444 4070 475 4125 ln
492 4070 536 4126 sd.
557 4075 644 4141 orig-r
680 4073 829 4142 panosus.
847 4073 976 4132 wneilie
