3075 4775
557 593 576 614 κ
618 546 716 596 annus
733 541 792 597 leh.
813 541 936 596 lienium.
1158 535 1222 604 495

301 728 457 810 indignius
479 723 640 809 transeam,
669 747 761 810 quam
783 729 868 808 ipses
888 745 945 808 pro
967 744 1055 788 more
1076 728 1223 790 humana-

216 817 219 822 ’
301 833 367 873 rum
390 811 562 874 fabularum
584 814 616 873 in
632 815 734 873 varios
747 831 856 872 sensus
870 811 959 891 diripi
980 829 1017 870 ae
1031 809 1222 891 dilaniaril),

301 896 364 956 imo
397 902 432 955 ut
458 895 633 976 Penelopes
669 896 761 956 telam
801 895 864 955 texi
898 901 930 954 et
955 896 1070 972 retexi,
1109 901 1142 954 ut
1168 894 1251 955 sna¹

301 979 450 1057 uniusque
471 979 529 1040 fert
558 978 670 1055 libido,
703 988 737 1038 ut
756 980 877 1039 interim
899 985 1034 1054 teneam,
1070 980 1224 1056 quamsit

300 1061 445 1141 impium,
480 1061 666 1142 scripturam
702 1064 767 1141 rapi
791 1061 831 1121 ad
862 1061 1014 1122 humanos
1041 1059 1168 1120 effeetus
1191 1068 1222 1121 et

301 1153 604 1206 sanctasanctorum
624 1145 760 1225 profanis
784 1143 933 1214 manibus,
954 1144 1017 1203 imo
1039 1143 1222 1224 idolothytis

302 1228 422 1289 violari.
465 1228 535 1303 Quo
557 1231 684 1288 nomine
705 1230 775 1308 ipse
796 1229 854 1288 seit
875 1227 999 1303 anins,
1023 1226 1095 1306 quid
1117 1226 1222 1306 deplo-

301 1318 388 1371 ratae
408 1314 623 1390 quaestionum
647 1311 825 1391 theologiae
846 1310 1031 1388 debeamus,
1059 1328 1138 1389 quas
1161 1319 1222 1372 tarn

302 1394 472 1454 elementer
496 1394 657 1456 effantibus
690 1394 831 1474 indulget
851 1393 1007 1472 humenis,
1047 1411 1221 1472 quenquam

301 1478 391 1537 huius
411 1497 446 1538 se
469 1485 631 1559 patronum
654 1486 686 1538 et
705 1485 890 1538 assertorem
913 1477 990 1537 velit
1009 1476 1124 1538 haberi.

384 1561 497 1640 Habes,
526 1561 657 1658 eandidg
678 1561 792 1637 laetor,
825 1560 978 1640 epistolae
1007 1579 1094 1620 meae
1123 1561 1222 1620 sonm-

302 1643 376 1703 lium
401 1645 621 1723 strationem,
642 1664 673 1705 in
697 1662 757 1723 qua
779 1647 805 1704 si
827 1644 901 1725 quid
926 1645 1071 1723 peeeavi,
1099 1643 1222 1703 veniam

303 1726 469 1787 merebitur
496 1727 545 1787 vel
572 1727 780 1807 imprudentia
807 1726 858 1787 vel
882 1739 987 1804 nasus,
1021 1733 1103 1787 uerte
1125 1724 1223 1787 fraudi

301 1810 376 1870 dare
397 1829 461 1871 non
481 1811 561 1888 lieet,
584 1810 708 1891 quando
730 1811 798 1890 ipse
817 1809 890 1869 mihi
904 1811 1046 1870 eonseius
1060 1829 1137 1888 sum,
1159 1827 1223 1869 non

302 1893 503 1974 malignitate,
526 1913 590 1954 non
604 1894 689 1971 odio,
709 1893 751 1971 id,
774 1892 921 1973 quidquid
938 1900 995 1970 est,
1018 1911 1038 1952 a
1058 1911 1109 1954 me
1130 1894 1223 1972 serip-

303 1982 366 2036 tum
389 1996 468 2053 esse,
490 1976 749 2056 vehementerque
762 1975 856 2037 doleo
879 1977 910 2036 in
932 1976 1012 2036 hene
1034 1978 1100 2056 rapi
1112 1977 1222 2054 aleam,

302 2067 334 2120 et
353 2061 385 2119 in
408 2080 446 2120 ee
466 2081 570 2139 arene,
593 2068 625 2122 ut
635 2061 722 2120 Pauli
745 2060 839 2122 verbe
856 2067 933 2139 uter,
953 2063 1222 2140 θεατρίσασθαι,
1312 2117 1320 2131 ,

300 2144 333 2202 in
355 2162 416 2222 qua
437 2149 471 2204 ut
493 2161 617 2204 eausam
645 2145 765 2206 fortiter
787 2151 890 2222 tuear,
924 2143 1090 2204 autoritate
1119 2150 1221 2204 tamen

300 2226 467 2288 adversarii
485 2247 617 2307 premor,
639 2236 671 2288 et
693 2236 725 2286 ut
746 2229 852 2286 omnia
873 2226 934 2286 alia
948 2226 1079 2287 feliciter
1100 2227 1222 2304 sedant,
1313 2281 1317 2294 ,

302 2317 423 2387 nmen,
452 2309 483 2369 id
512 2311 596 2393 qued
618 2311 715 2395 longe
736 2311 967 2371 infestissimum
996 2316 1060 2390 est,
1094 2309 1223 2371 subinde

300 2394 470 2455 calumnias
499 2395 576 2454 alies
610 2394 691 2454 aliae
712 2401 838 2472 serunt,
876 2400 907 2454 et
939 2400 1106 2474 perpetuo,
1141 2394 1223 2473 quod

301 2476 415 2539 Graes
437 2477 551 2555 dieunt,
573 2474 641 2561 ἔρις
664 2473 735 2560 ἔριν
756 2473 980 2559 ἂντιφυτεύει.

383 2560 516 2621 Proinde
536 2562 710 2622 consultum
740 2560 814 2619 mihi
837 2558 998 2620 videbatur
1027 2559 1119 2619 surda
1139 2576 1223 2635 aure,

299 2662 412 2723 nempe
434 2643 552 2727 nuptis
572 2645 670 2724 βέλος
691 2643 860 2703 calumnias
875 2642 1026 2703 Ennianus
1047 2644 1223 2721 praeterire,

301 2745 370 2787 eum
394 2726 477 2807 quod
490 2728 642 2789 eiusmodi
663 2728 728 2788 iere
748 2728 820 2806 siut,
843 2727 965 2805 quassi
988 2726 1129 2786 conseras
1153 2744 1222 2785 eum

300 2809 442 2890 Epistola
463 2830 548 2889 mea,
580 2811 669 2871 faeile
696 2810 803 2871 rideas
824 2808 1006 2889 responderi
1028 2808 1099 2888 quid
1116 2809 1223 2889 possit,

301 2900 365 2953 tnm
401 2893 484 2973 quod
516 2895 584 2974 ipse
606 2894 683 2955 liber
714 2903 851 2955 aetorum
874 2892 1014 2973 publicus
1036 2893 1111 2953 satis
1134 2891 1224 2952 nobie

300 2977 522 3055 patrosinetur,
545 2984 658 3057 mmen,
682 2979 754 3058 quia
775 2978 820 3037 sie
842 2984 890 3038 est
911 2977 1017 3037 amieis
1041 2974 1223 3055 quibusdam

301 3060 410 3139 visum,
423 3060 561 3141 purgabo
574 3063 680 3141 paneis
694 3061 763 3121 falsi
780 3062 905 3138 crimen,
924 3059 1007 3139 quod
1021 3058 1223 3136 dissimulare,

301 3149 479 3223 utputant,
501 3163 567 3204 non
595 3152 642 3204 est
663 3146 738 3204 satis
759 3145 854 3224 pium.
896 3144 1020 3203 Interim
1043 3144 1087 3203 ita
1107 3148 1223 3221 tempe-

301 3226 377 3287 rabo
401 3234 629 3308 argumentum,
652 3226 786 3307 nequid
810 3227 929 3306 uspiam
951 3226 1139 3307 petulanter,
1170 3234 1223 3287 aui

301 3309 487 3370 immodeste
503 3312 540 3371 'in
553 3310 679 3371 Ennium
702 3311 816 3371 diotum
829 3310 926 3372 videri
947 3311 1055 3390 possit.
1088 3310 1222 3371 Omnino

300 3395 382 3453 enim
422 3394 517 3473 pluris
549 3401 599 3455 est
627 3395 764 3456 Christus
795 3395 883 3474 mihi,
919 3411 1009 3473 quarn
1046 3394 1125 3454 haee
1161 3402 1222 3455 tam

299 3476 411 3558 frivola
431 3478 593 3539 calumnie.

386 3563 422 3638 1)
446 3561 571 3621 Praeter
603 3560 739 3622 officium
778 3567 921 3622 eausatur
953 3561 1064 3621 Eeeius
1098 3562 1221 3638 laetum,

299 3643 383 3722 quod
405 3643 585 3723 publicarim
608 3645 875 3725 oapitaquaedam
892 3644 1116 3724 disputationis,
1139 3642 1221 3723 quod

303 3728 384 3787 inter
415 3735 519 3807 partes
551 3729 746 3806 eonvenerit,
781 3748 821 3789 ne
849 3728 1010 3807 evulgatur
1046 3728 1222 3808 disputatio,

302 3898 426 3907 ...η-..οι-

374 3992 403 4060 1)
424 3992 455 4044 ln
474 3992 517 4047 ed.
536 3991 610 4047 len:
629 3994 658 4045 in
679 3993 771 4047 varios
790 4007 889 4045 sensus
908 3991 1061 4046 dilacerari.
