3075 4775
329 521 379 610 76,
543 527 700 597 Disputatio
719 528 828 594 upum
846 529 941 581 saura
960 543 986 582 s.
1005 526 1065 580 iux

328 716 380 794 qui
401 715 555 792 haeretiei,
578 715 628 794 qui
650 716 811 793 temerarii,
834 715 948 776 alarum
960 721 1054 796 patet,
1076 735 1167 795 quam
1189 716 1248 776 ini-

329 817 388 878 quo
411 805 442 858 et
462 806 578 859 temero
599 818 649 859 me
680 799 867 860 haereticum
896 808 928 860 et
957 800 1095 879 pessimo
1120 801 1250 861 nomine

329 890 462 942 aoeusat.

412 965 543 1026 Proinde
567 975 629 1026 n'on
654 985 723 1025 osso
745 964 979 1025 doneoessitute
1002 965 1118 1043 salutis,
1135 965 1250 1028 Roma·

330 1065 401 1107 nam
424 1067 492 1116 esso
514 1051 701 1129 superiorem
719 1048 798 1123 aliis,
820 1047 957 1108 nundum
973 1050 1250 1110 convincituresse
1280 1075 1283 1080 ·

330 1132 474 1222 articulus
497 1131 678 1210 haereticus,
701 1133 820 1191 etiamsi
843 1132 922 1191 inter
944 1131 1116 1235 haereticos
1138 1139 1246 1192 numo'·

330 1220 421 1278 retur.

413 1298 502 1375 Quod
541 1304 642 1358 autem
678 1297 877 1358 ratiocinatur
900 1296 1062 1380 Augustini
1083 1297 1248 1377 exemplo}

331 1380 364 1442 st
386 1384 480 1444 ulium
497 1380 691 1441 mendacium
712 1381 744 1439 in
767 1380 906 1442 Concilio
928 1381 1125 1460 admittatur,
1148 1381 1249 1441 vaoil-

333 1464 406 1527 iabit
427 1467 571 1525 universa
592 1465 739 1524 autoritas
762 1463 901 1525 Conoilii.
951 1465 1060 1524 infelix'
1081 1464 1250 1526 similitudo

332 1558 397 1628 est,
420 1549 608 1628 Augustinus
633 1547 671 1606 de
700 1545 864 1627 Scripturis
893 1546 1003 1607 divinis
1037 1548 1250 1626 ratiooinatur,

332 1652 412 1715 quae
433 1637 504 1691 sunt
529 1633 555 1704 Ι)
581 1629 707 1692 verbum
722 1630 780 1690 Dei
801 1629 970 1707 iufaiiibiie,
987 1631 1150 1691 oonoiiium
1174 1650 1250 1691 varo

332 1706 472 1778 ereatura
492 1715 579 1774 istius
600 1713 694 1774 vorbi.
718 1711 790 1774 ideo
812 1714 922 1774 iniuria
942 1713 1038 1774 verbo
1060 1714 1119 1774 Dei
1139 1711 1174 1774 fit
1194 1713 1252 1794 por

331 1798 696 1877 hanooomparotiouem,
720 1815 788 1856 oum
811 1815 991 1857 oonoossum
1016 1797 1064 1875 sit,
1085 1796 1252 1857 oonoilium

332 1901 426 1964 posse
448 1899 565 1959 errare,
588 1886 622 1940 ut
642 1886 730 1939 notat
751 1880 984 1940 Panormitanus
1007 1882 1038 1940 in
1061 1898 1128 1960 oap.
1151 1879 1251 1960 Sigui-

333 1966 439 2027 iioasti.
474 1963 612 2024 Transeo
634 1962 708 2022 illud
741 1963 780 2022 de
802 1965 958 2048 essentiae,
977 1963 1103 2024 divinae
1117 1972 1250 2044 ‘genora-

334 2052 429 2125 tione,
454 2048 525 2126 quia
546 2046 621 2106 nihil
643 2045 681 2106 sd
700 2047 906 2126 propositum.

416 2131 464 2190 Ad
476 2131 689 2210 Augustinum,
711 2131 761 2207 qui
774 2135 916 2209 ¹excepta
937 2128 1093 2208 Scriptura
1114 2129 1252 2188 omnium

334 2217 447 2295 soripta
459 2232 526 2273 oum
549 2212 661 2272 iudicio
683 2211 768 2272 iubet
789 2213 902 2293 legero,
915 2211 989 2272 dicit
1004 2213 1146 2293 egregius
1158 2211 1253 2289 D.D.,

306 2326 308 2342 =
333 2317 395 2360 non
418 2309 487 2357 esse
510 2295 635 2356 exoiusa
656 2315 711 2376 per
734 2315 803 2355 eum
835 2295 960 2355 deoreta
981 2295 1071 2356 Rom.
1093 2294 1251 2355 Pontifiois

286 2396 288 2401 '
334 2389 366 2443 et
387 2379 686 2442 oonoiliorumafloo
709 2378 827 2457 dieitur,
850 2377 905 2438 sed
920 2398 982 2439 non
994 2377 1158 2460 probatur,
1180 2379 1253 2457 quin

332 2465 519 2527 solutionem
544 2482 642 2522 meam
676 2459 826 2524 eonfirino
859 2462 1023 2522 autoritate
1043 2461 1129 2521 Pauli
1151 2459 1187 2536 *J
1212 2462 1252 2521 ad

333 2546 510 2609 Thomala:
534 2544 645 2605 Omnia
662 2546 802 2625 probate,
825 2544 906 2624 quod
929 2545 1044 2606 bonum
1068 2552 1116 2604 est
1137 2550 1253 2605 tenet-o.

334 2630 424 2693 Rom.
447 2628 588 2689 Pontifex
612 2635 643 2689 et
663 2628 796 2689 oonoiiia
817 2635 888 2687 sunt
910 2627 1062 2706 hominos,
1085 2645 1160 2708 ergo
1182 2646 1252 2707 pro-

333 2713 426 2776 bandi
449 2718 538 2784 sunt,
571 2719 602 2771 et
623 2713 668 2772 sio
689 2711 835 2785 tenendi,
868 2730 925 2771 neo
954 2710 1109 2771 eximendi
1131 2710 1170 2771 ab
1192 2710 1253 2770 hau

271 2860 276 2863 .
333 2797 442 2879 regula
458 2796 640 2877 apostoliea.

418 2879 509 2956 Quod
524 2898 580 2958 por
596 2898 645 2938 me
659 2878 822 2938 sddnotum
839 2895 905 2957 oap.
922 2876 1117 2957 significasti,
1132 2875 1206 2937 dioit
1217 2896 1252 2936 so

335 2982 398 3025 non
412 2954 650 3041 meminisse,'et
671 2962 814 3022 dominos
835 2962 957 3037 iutistus
977 2965 1102 3038 monet,
1135 2966 1253 3020 utnon

335 3046 526 3128 pessundont
558 3044 643 3126 loges
665 3043 859 3125 pontificias,
893 3042 976 3123 quod
998 3049 1030 3103 ot
1049 3044 1148 3122 ipsum
1170 3043 1257 3102 vaiet

336 3129 376 3190 sd
404 3128 618 3190 concitandam
647 3127 793 3188 invidiam
822 3126 903 3186 mihi.
941 3126 1009 3187 Neo
1028 3146 1085 3207 per
1103 3126 1166 3186 hoo
1186 3146 1256 3206 pes-

221 3230 230 3237 ·
337 3212 505 3273 sundautur
526 3211 611 3291 teges
633 3210 819 3290 pontificiae,
843 3211 868 3270 si
881 3211 926 3271 eis
948 3208 1158 3289 praeferantur
1168 3209 1256 3289 leges

337 3295 469 3371 divinae,
492 3293 574 3373 quod
597 3312 665 3353 oum
688 3294 804 3354 faciunt
826 3292 942 3354 domini
962 3293 1097 3367 iuristae,
1119 3292 1256 3372 pessimo

336 3378 452 3439 iaoiunt
472 3376 625 3457 theologi,
660 3378 710 3456 qui
732 3378 762 3436 in
786 3376 899 3437 haere
921 3377 1013 3436 otiam
1034 3376 1180 3435 resistunt
1201 3393 1255 3455 op·

328 3463 418 3523 vtimis
439 3460 560 3523 iuristis.
642 3466 645 3471 “

419 3544 579 3623 Piatynam
601 3562 656 3623 per
670 3560 719 3603 me
742 3541 908 3623 allegatum
921 3540 996 3601 dioit
1011 3559 1073 3601 nun
1097 3540 1257 3621 ossaplus,

293 3634 295 3641 ’
338 3643 427 3707 quam
458 3627 546 3688 Rom.
575 3624 776 3703 Pontifioom,
800 3626 1025 3705 Augustinum,
1057 3622 1257 3704 cyprianum,

338 3712 424 3792 quasi
445 3730 500 3793 per
522 3708 724 3789 Augustinum
747 3716 779 3769 et
800 3705 1007 3789 Cyprianum,
1030 3714 1083 3766 aut
1104 3726 1256 3768 summum

374 3979 407 4040 1)
428 3976 459 4031 Iu
478 3976 520 4033 od.
539 3978 625 4047 orig.:
646 3982 694 4033 est.

375 4049 406 4119 ⁸)
430 4052 451 4103 1.
472 4051 568 4104 Thess.
588 4051 613 4104 5.
