3075 4775
341 568 404 635 374
443 536 457 565 ·
581 568 679 623 Rcsoh
699 568 727 624 h
746 582 830 645 super
849 570 1042 639 Proposittene

341 757 519 821 venerande
539 760 685 819 metitus
713 764 830 835 restra,
861 776 916 839 per
936 766 1074 819 sanctam
1098 758 1271 820 Ohaleedo-

342 860 469 903 oensem
494 841 662 921 synodum,
696 838 832 922 pontiflci
861 840 943 901 sedis
974 842 1167 922 apostolicae
1203 844 1270 917 (cui

342 927 409 987 Deo
432 924 615 1004 disponente
636 925 799 1002 deservio)
831 925 892 985 hoc
918 924 1125 985 universitatis
1153 944 1269 985 nomen

343 1009 480 1070 oblatum
509 1015 565 1068 est.
609 1008 669 1069 Sed
702 1008 803 1067 nullus
832 1024 965 1087 unquam
994 1008 1269 1089 praedecessorum

343 1110 481 1153 meorum
512 1091 575 1151 hoc
608 1099 669 1151 tam
698 1091 830 1171 profano
853 1090 1006 1152 vocabulo
1036 1093 1080 1151 uti
1101 1093 1270 1169 consensit,

343 1177 414 1255 quia
435 1172 588 1249 videlicet,
611 1176 636 1234 si
658 1193 737 1233 unus
758 1174 1125 1254 patrierchauniversalis
1148 1174 1269 1251 dicitur,

342 1258 582 1339 patriarcharum
610 1276 723 1317 nomen
756 1258 866 1317 ceteris
889 1257 1062 1339 derogetur.
1105 1257 1165 1319 Sed
1189 1258 1272 1318 ahsit

343 1342 404 1403 hoc
424 1360 443 1401 e
461 1340 635 1401 Christiana
656 1348 770 1415 mente,
791 1341 822 1399 id
845 1340 901 1401 sihi
925 1340 1005 1401 velle
1025 1342 1201 1421 qnempiam
1224 1357 1270 1401 ar-

343 1426 459 1504 ripere,
492 1423 574 1484 unde
602 1424 726 1484 fratrum
757 1442 881 1483 suorum
911 1424 1061 1483 honorem
1088 1426 1271 1485 imminuere

343 1528 383 1569 ex
407 1507 673 1586 quantulacunque
695 1514 783 1586 parte
804 1506 952 1567 videatur.
999 1505 1077 1590 [Sed
1100 1526 1219 1581 nonne,
1245 1510 1270 1568 si

346 1593 392 1650 ius
415 1590 550 1649 divinum
574 1598 621 1649 est
642 1592 788 1669 primatus
802 1591 915 1670 Papae,
939 1598 1000 1649 tem
1023 1592 1082 1671 ipsi
1103 1590 1271 1671 pontifices

343 1674 476 1734 Romani
490 1673 636 1731 haeretici
649 1674 779 1751 fuerunt,
803 1692 893 1752 quem
907 1673 1086 1733 concilium:
1108 1672 1161 1749 illi,
1186 1674 1271 1753 quod

343 1759 390 1815 ius
413 1756 546 1815 divinum
571 1775 632 1816 non
655 1764 898 1836 assumpserunt,
920 1756 975 1817 sed
1000 1756 1271 1830 conculcaverunt,

343 1840 413 1915 hoe,
431 1838 519 1917 quod
532 1838 650 1916 obtulit,
673 1858 751 1918 quae
774 1856 836 1899 nen
855 1847 942 1899 erent
964 1841 1010 1899 sui
1032 1840 1104 1899 iuris
1127 1838 1267 1922 offerre]

427 1920 466 1981 lh
487 1922 565 1981 infre
585 1923 625 1982 de
643 1922 767 1983 eodem:
784 1922 935 1984 Universa
959 1929 1056 1983 tentat
1077 1922 1134 1983 sici
1156 1922 1270 1983 adscri-

344 2006 426 2084 bere,
448 2013 480 2065 et
501 2007 605 2065 omnia
632 2004 823 2088 [membra],
848 2025 927 2085 quae
950 2006 1008 2066 soli
1031 2008 1084 2065 uni
1105 2007 1198 2087 ospiti
1220 2026 1271 2066 eo-

346 2088 476 2148 heerent
507 2089 668 2163 (videlicet
696 2089 849 2163 Christo),
872 2108 928 2168 par
955 2089 1120 2149 eletionem
1144 2108 1272 2169 pompa-

347 2172 398 2231 tici
419 2173 579 2248 sermonis,
602 2172 738 2232 eiusdem
759 2172 869 2231 Christi
893 2172 950 2232 sibi
971 2172 1074 2233 studet
1096 2170 1272 2253 sublegere.

346 2252 495 2331 Obsecro,
519 2255 590 2333 quid
614 2262 796 2333 mereretur,
819 2256 869 2333 qui
891 2255 984 2315 hodie
1007 2257 1050 2314 sio
1072 2254 1271 2333 loqueretur?

346 2336 398 2396 hic
425 2335 592 2418 Gregorius
619 2339 777 2399 Romanus
809 2338 948 2418 pontifex
980 2340 1173 2419 persequitur
1207 2342 1272 2400 ten·

346 2439 438 2562 poam
461 2421 632 2501 profanum,
656 2423 738 2501 quod
761 2424 858 2482 nostri
881 2430 1028 2498 statuunt,
1052 2424 1140 2503 quusi
1163 2423 1204 2482 sit
1226 2423 1274 2482 ius

366 2523 493 2566 trinum.
621 2518 627 2530 ·

426 2585 683 2666 stupratores.
708 2590 746 2648 ed
769 2589 935 2668 ipsammet
958 2588 1127 2649 Iohannem
1153 2591 1272 2669 episeo-

344 2687 415 2748 pum
440 2670 598 2748 praedicta
623 2672 738 2731 iterans
761 2681 793 2731 et
815 2673 971 2752 copiosius
995 2671 1155 2751 explicans
1178 2672 1270 2732 dicit:

345 2753 556 2813 GertePculus
575 2755 744 2833 apostolus„
767 2773 835 2814 cum
851 2754 970 2815 audiret
984 2754 1133 2834 quosdam
1152 2755 1272 2816 disere:

343 2833 411 2914 ligo
434 2855 500 2895 sum
524 2835 618 2913 Pauli,
642 2858 701 2917 ego
726 2837 852 2917 Apollo,
875 2857 933 2919 ego
957 2857 1031 2897 vero
1051 2837 1167 2918 Cephe‚
1190 2839 1271 2898 hanc

235 2964 240 2974 .
344 2918 594 2980 dilacerationem
619 2923 756 3000 corporis
779 2920 941 3000 dominici,
977 2939 1032 3000 per
1061 2939 1151 2999 quam
1177 2941 1270 2982 mem-

345 3001 399 3062 bra
425 3004 490 3062 eius
514 3003 581 3062 aliis
611 3023 643 3062 se
672 3004 823 3083 capitibus
846 3003 1075 3085 quodammodo
1098 3005 1269 3082 sociabant

343 3086 611 3146 vehementissime
645 3087 883 3166 perhorrescens
905 3087 1090 3147 exclamavit
1116 3095 1148 3147 et
1176 3087 1268 3148 dixit:

343 3168 497 3247 Numquid
521 3169 631 3228 Paulus
660 3191 716 3250 pro
752 3171 840 3230 vobis
864 3168 1026 3230 crucifixus
1060 3170 1129 3230 est?
1158 3178 1211 3231 aut
1238 3172 1269 3230 in

343 3251 428 3310 Pauli
451 3253 577 3312 nomine
599 3252 742 3331 baptisati
765 3254 862 3314 estis?
907 3252 938 3314 Si
960 3271 1033 3334 erge
1056 3252 1109 3313 ille
1132 3253 1270 3314 membre

345 3333 489 3394 dominici
518 3337 655 3414 corporis
685 3337 774 3396 certis
810 3344 896 3397 extre
920 3335 1072 3396 Christum
1110 3339 1198 3416 qussi
1221 3355 1269 3397 ce·

345 3415 456 3494 pitibus
484 3426 514 3476 et
536 3419 611 3498 ipsis
633 3419 754 3498 quidem
778 3420 927 3499 apostolis
950 3419 1057 3479 subiici
1078 3420 1269 3499 particulari·

345 3510 390 3559 ter
421 3501 563 3560 evitavit:
598 3510 645 3579 tu,
678 3503 750 3582 quid
781 3499 904 3565 Christo
932 3502 1114 3563 universalis
1141 3510 1270 3563 sanctae

344 3582 504 3642 Ecclesiae
528 3586 620 3664 ospiti
646 3587 677 3645 in
706 3588 835 3646 extremi
857 3585 960 3648 iudicii
982 3605 1016 3646 es
1039 3585 1174 3646 dicturus
1198 3606 1268 3647 exa

346 3666 437 3739 mine,
460 3668 509 3744 qni
533 3675 642 3729 cuncte
664 3671 728 3729 eius
753 3669 890 3730 membra
911 3668 1031 3730 tibimet
1052 3669 1173 3730 conans
1196 3669 1268 3731 Uni·

344 3749 471 3808 verselis
511 3751 720 3829 appellatione
753 3753 949 3833 supponere?
1008 3749 1066 3834 [At
1098 3771 1205 3813 nonne
1238 3759 1270 3814 et

344 3831 405 3892 hoc
426 3849 545 3890 sommo
566 3833 682 3911 impetu
705 3836 831 3916 iaciunt,
854 3843 885 3896 et
908 3843 1066 3912 conentur,
1091 3835 1268 3918 oGregori,

345 3915 388 3974 tui
411 3915 643 3999 successoresi]
870 3919 873 3928 ’

425 3995 467 4056 Et
485 3996 581 4069 iufra,
605 4006 689 4059 certe
710 3999 816 4060 Petrus
838 3999 998 4082 apostolus
1019 4001 1149 4082 primum
1172 4019 1269 4064 mem-

345 4077 431 4139 brum
455 4085 579 4140 sanctes
607 4088 639 4142 et
665 4083 848 4144 aniversalis
877 4084 1029 4146 ecclesiae
1051 4090 1115 4163 est,
1142 4083 1267 4165 Paulus,
