3075 4775
345 562 404 631 36·
530 568 816 639 corporacorpora
834 567 930 623 saura
950 549 1056 623 ayxrx

348 754 488 837 rebatur,
511 759 613 839 capite
634 756 723 821 nobis
745 754 941 837 vulpeculas,
962 774 1042 835 qnae
1063 754 1271 817 demoliuntur

346 840 479 901 vineam.
521 840 638 902 Taceat
669 859 760 921 ergo,
789 857 922 920 quaeso,
953 838 1139 901 reverendos
1167 839 1269 919 Pater,
1332 905 1335 911 ,

346 929 378 983 et
398 923 487 984 nobis
517 943 580 986 non
607 924 734 985 insultet
755 943 824 985 cum
848 920 974 983 Graecis
997 929 1029 983 et
1049 922 1268 1001 Orientalibus,

346 1007 398 1085 qui
420 1007 544 1069 aliom.
566 1006 746 1068 deficientes
768 1006 903 1068 ecclesia
924 1024 943 1065 a
963 1004 1026 1066 fide
1047 1024 1170 1085 quoque
1184 1005 1270 1067 chri-

238 1142 242 1154 ,
346 1090 447 1149 stiana
476 1091 549 1151 lacti
574 1098 649 1153 sunt
679 1090 813 1155 exsules.
857 1089 1087 1150 Consectarium
1111 1095 1173 1169 est,
1206 1108 1269 1169 qno

345 1178 438 1251 pacto
465 1174 646 1254 accipienda
675 1174 719 1233 sit·
741 1173 850 1234 illatio.
893 1170 949 1231 Est
970 1170 1074 1250 radix,
1105 1180 1179 1253 erg‘o
1215 1171 1269 1233 do·

347 1255 446 1334 mina,
468 1257 637 1327 nonenim
662 1255 701 1317 de
722 1256 826 1317 radice
844 1255 997 1334 loquimur
1019 1254 1105 1334 initii,
1127 1255 1176 1315 vel
1195 1262 1270 1317 tem·

345 1338 440 1417 poris,
463 1338 517 1399 sed
539 1339 704 1400 deradice
726 1338 861 1399 influxus
883 1346 914 1398 et
933 1338 1176 1419 principalitatis.

429 1419 546 1496 Quarto
572 1422 642 1483 loco
666 1422 772 1483 nititur
792 1422 978 1483 reverendus
1000 1422 1105 1501 Pater,
1128 1440 1163 1482 se
1184 1420 1269 1482 evol-

346 1523 420 1565 vere
449 1522 489 1565 ex
519 1506 620 1568 verbis
646 1504 844 1587 Hieronymi,
877 1511 909 1567 et
950 1504 1006 1565 illa
1039 1506 1152 1565 vitare:
1196 1523 1268 1565 nam

285 1640 290 1647 .
346 1605 467 1648 summo
489 1588 642 1649 sacerdoti
671 1588 776 1651 tribuit
803 1586 927 1669 quidem
962 1595 994 1649 et
1023 1586 1088 1647 dari
1117 1605 1271 1649 summam

346 1668 537 1751 dignitatern,
559 1670 614 1732 sed
634 1671 695 1732 hoc
705 1670 771 1739 «iat
792 1671 857 1731 iure
868 1670 1014 1731 humane.
1036 1669 1099 1731 Sed
1121 1689 1175 1731 cur
1196 1675 1270 1732 tunc

264 1805 268 1814 ,
346 1754 381 1813 B.
408 1752 615 1835 Hieronymus
644 1750 813 1816 Damasum
838 1754 1005 1814 Piscatoris
1039 1752 1178 1834 appellat
1204 1772 1271 1813 suc·

347 1854 521 1915 cessorem,
554 1843 585 1897 et
607 1837 773 1899 cathedrae
793 1838 876 1899 Petri
896 1836 963 1897 vult
983 1836 1159 1898 associari?¹
1191 1836 1270 1897 Illud

251 1980 257 1993 ‚
349 1918 485 1979 divinum
511 1920 610 1981 citans
638 1920 744 1985 Matth.
769 1924 817 1985 16.
844 1939 938 2000 super
962 1919 1046 1981 illam
1069 1926 1186 2000 petram
1204 1921 1271 1980 lon·

347 2001 450 2063 datam
474 2003 636 2065 ecclesiam
665 2004 740 2067 seio.
784 2001 875 2078 Quod
903 2004 947 2064 ita
972 2003 1098 2082 reliquis
1130 2002 1270 2063 ecclesiis

349 2087 541 2165 appropriari
563 2105 624 2148 non
647 2092 766 2167 potest,
803 2092 837 2147 ut
866 2085 1039 2147 Bernardus
1059 2085 1270 2164 ratiocinatur,

347 2168 477 2248 etproh
492 2168 583 2231 dolor
605 2189 673 2241 cum
691 2188 811 2230 summa
826 2168 1069 2231 Christianorum
1089 2168 1200 2229 iniuria
1223 2188 1271 2230 su·

254 2294 256 2299 ,
347 2270 414 2311 mus
437 2254 557 2332 experti
578 2259 684 2333 portas
707 2252 873 2314 inferorum
886 2251 1097 2333 praevaluisse
1119 2245 1271 2313 ecclesiae

346 2334 658 2416 Hierosolymitanae‚
680 2335 905 2414 Antiochenae,
925 2335 1166 2413 Alexandrinae,
1188 2334 1269 2397 addo

348 2437 471 2497 quoque
492 2419 674 2499 Boemicae,
712 2419 797 2500 quod
818 2426 921 2480 tamen
948 2419 987 2480 de
1015 2419 1168 2499 ecclesia,
1190 2437 1271 2500 quae

348 2501 475 2562 lundata
497 2508 545 2561 est
566 2522 657 2583 super
677 2502 810 2581 Petram,
833 2504 946 2564 veritas
967 2503 1146 2582 incorrupta
1158 2501 1270 2562 Christi

285 2605 317 2635 n
347 2602 411 2645 non
433 2585 554 2664 patitur.
598 2585 659 2646 Sed
676 2586 870 2646 verissimum
892 2591 939 2647 est
959 2586 991 2646 in
1012 2586 1067 2663 iis,
1099 2591 1272 2665 quaesunt

348 2665 430 2747 fidei,
453 2666 536 2746 quod
557 2668 764 2750 Hieronymus
786 2670 818 2729 in
839 2667 948 2730 eadem
964 2667 1107 2748 Epistola
1129 2668 1272 2747 affirmat,

348 2749 522 2830 ubicunque
536 2751 626 2813 fuerit
647 2771 768 2834 corpus,
790 2751 832 2813 ibi
847 2751 1118 2834 congregabuntur
1138 2754 1171 2812 et
1188 2751 1272 2831 oqui·

349 2832 455 2910 lae*).
497 2834 665 2917 Profligato
687 2855 706 2896 a
729 2835 812 2896 mala
836 2835 947 2898 sobole
967 2835 1168 2916 patrimonio,
1190 2833 1272 2916 apud

348 2936 406 2978 vos
428 2917 514 2979 telos
535 2919 713 3000 incorrupta
734 2919 857 2982 Petrum
879 2919 1005 2980 omnino
1027 2924 1167 2980 servatur
1186 2924 1273 2980 auto·

349 3001 433 3074 ritas.
478 3001 520 3062 At
541 3002 654 3064 hocin
675 3002 840 3082 principali
861 3000 963 3062 adhuc
983 3001 1142 3063 evidenter
1163 3000 1272 3082 proba

350 3083 448 3144 vimus
489 3103 552 3146 non
574 3086 640 3146 iure
661 3084 797 3146 hnmano
824 3084 988 3166 primatum
1012 3085 1152 3148 obtinere
1174 3084 1272 3146 eccle·
1314 3125 1330 3138 -
1375 3168 1379 3174 ἐ

350 3167 427 3226 siam
450 3129 550 3248 Hom,
573 3167 628 3229 sed
650 3167 764 3229 divino.

432 3248 573 3312 Praestat
594 3259 696 3312 tamen
719 3251 846 3332 diluere,
868 3271 948 3332 quae
969 3251 1275 3313 venerandusPater

350 3351 408 3412 pro
432 3352 466 3393 se
488 3353 527 3394 ex
548 3334 673 3397 Hieron.
696 3334 840 3418 adduxit,
862 3336 960 3416 primo
978 3335 1205 3416 adeagrium,
1222 3334 1275 3397 ubi

351 3417 530 3496 episcopum
557 3417 676 3480 Romae
705 3425 742 3483 et,
763 3418 918 3500 Eugubii,
944 3417 1216 3498 Constantinopoli
1242 3425 1276 3479 et

351 3498 458 3580 Regii,
481 3500 618 3562 eiusdem
643 3502 741 3563 meriti
763 3501 839 3562 dicit
860 3510 891 3563 et
911 3501 1085 3564 sacerdotii.
1128 3501 1198 3562 Hoc
1218 3503 1275 3562 sci-

351 3583 466 3661 vimus,
497 3590 662 3664 antequam
684 3585 841 3666 Tbeognis
863 3593 1048 3648 nasceretur.
1092 3585 1201 3664 Neque
1219 3583 1276 3644 Pa·
1349 3619 1352 3621 Δ

349 3674 441 3746 patus
464 3673 511 3742 est
532 3666 608 3728 ordo
636 3668 715 3729 ultra
736 3671 970 3748 episcopatum,
992 3689 1065 3729 nam
1088 3671 1133 3729 sic
1159 3676 1192 3732 et
1211 3669 1275 3730 alio
1390 3683 1392 3689 ’

187 3789 192 3800 ·
244 3809 251 3830 ,Ἴ
351 3747 422 3810 loco
446 3749 591 3830 aequales
614 3749 689 3812 dicit
708 3752 803 3812 fuisse
824 3752 996 3832 apostolos,
1017 3753 1069 3815 nbi
1090 3759 1193 3814 tamen
1215 3753 1275 3832 pri·

352 3839 467 3894 matum
489 3833 521 3898 S.
543 3835 635 3930 Petro
657 3853 719 3895 non
742 3833 878 3896 abstulit.

406 4091 438 4157 ·)
459 4092 553 4153 unuh.
571 4091 615 4148 24.
