3075 4775
580 555 600 596 s
615 540 737 597 soene
756 545 880 609 exeeptis
1112 538 1177 607 201
1272 597 1281 617 ¹

158 780 160 823 ,
257 726 372 791 olesise
390 742 590 801 eonsensum,
612 725 697 790 ouius
721 724 825 805 proris
846 722 940 785 debet
960 724 1077 787 homini
1089 724 1176 788 Diri·

158 836 159 839 ¹
254 812 356 871 stione
381 828 454 871 esse
475 826 532 887 pro
553 808 677 889 regule,
710 827 773 869 non
795 806 888 869 debet
908 807 1008 871 tribui.
1050 808 1111 871 Sed
1143 812 1175 871 in

254 891 468 975 superioribus
481 896 639 951 ostensum
660 892 716 956 fuit
733 910 789 971 per
801 891 931 951 moiores
953 892 1093 973 olerioos,
1114 893 1175 973 Gy·

253 977 414 1057 priamum,
437 974 708 1054 chrysostomum,
744 980 776 1035 et
802 973 1021 1054 Augustinum,
1054 995 1179 1055 poenos

253 1059 394 1121 debitum
417 1076 577 1123 remouere
607 1064 679 1137 post
706 1057 839 1136 eulpam.
869 1056 954 1128 xideo
988 1060 1176 1121 reverendus

254 1144 347 1205 Peter
379 1131 474 1204 isedet
495 1139 526 1203 S.
547 1140 670 1203 Petrum
704 1140 874 1221 autoritati,
909 1142 1177 1203 etoonsuetudini
1217 1156 1226 1173 ·

254 1228 351 1291 totius
374 1224 531 1287 eoelesise
565 1224 777 1303 obtemperet,
808 1230 863 1283 eut
890 1242 944 1284 our
972 1223 1005 1283 id
1027 1224 1092 1287 fieri
1112 1245 1178 1287 non

256 1310 373 1374 debeat
395 1308 563 1370 autoritate
585 1306 887 1386 seoreeSoripturee,
908 1307 1109 1370 consiliorum
1127 1310 1178 1369 vei

255 1399 437 1457 seuetorunr
459 1390 592 1469 Petrum,
613 1396 759 1471 exponet.

580 1523 619 1586 Μ.
652 1521 857 1585 Lutherus.

345 1638 605 1707 Admittunt).
627 1643 711 1722 quod
732 1642 846 1705 hebent
875 1601 1013 1705 ultimum
1041 1642 1178 1723 verbum,

259 1727 334 1807 quis
356 1727 403 1787 sio
424 1727 500 1789 vult.
542 1726 652 1807 Arguit
672 1734 775 1787 eutem
797 1727 938 1807 egregius
960 1726 998 1790 D.
1010 1728 1048 1787 D.
1070 1733 1180 1788 eontrs

261 1808 505 1872 Gonolusionem
527 1829 644 1888 meam,
681 1810 790 1871 volens
811 1810 957 1889 probare,
978 1828 1112 1889 poenam
1133 1830 1178 1871 re·
1288 1849 1294 1855 -

260 1894 339 1973 quiri
362 1912 382 1953 s
404 1892 483 1972 Deo,
504 1898 536 1953 et
555 1912 610 1973 pro
633 1894 731 1973 primo
753 1892 1078 1974 indueitSoripturem,
1098 1893 1178 1955 Gen.

261 1980 290 2057 3,
311 1974 367 2037 ubi
388 1981 551 2054 peooetum
571 1975 659 2037 Adae
681 1978 775 2037 etiem
795 1976 923 2037 remisso
944 1977 1038 2056 euipp
1056 1978 1180 2056 punitur

260 2061 293 2123 iu
303 2058 499 2141 posteritate,
509 2078 584 2141 ergo
601 2078 705 2139 poene
720 2065 867 2138 remanet,
888 2065 1066 2121 transeunte
1079 2060 1181 2140 oulpe.

262 2138 392 2219 Voio*)
415 2142 456 2205 D.
478 2142 516 2207 D.
538 2142 717 2205 obstrietum
738 2140 803 2203 hoe
822 2144 977 2223 exemplo,
998 2150 1031 2203 et
1050 2162 1115 2205 non
1136 2162 1182 2204 re-

262 2226 369 2307 plicet,
392 2226 451 2285 nisi
473 2224 642 2304 oonfirmet,
665 2233 718 2287 sut
740 2227 924 2287 sententiam
938 2226 1037 2287 eedet.
1081 2226 1182 2289 Siists

263 2328 369 2391 poene
390 2309 551 2388 requiritur
572 2328 629 2390 pro
651 2315 799 2390 peeeeto,
837 2315 869 2369 et
888 2310 1026 2371 similiter
1047 2311 1180 2371 sentien-

262 2393 337 2454 dum
360 2399 409 2453 est
430 2392 469 2452 de
491 2393 627 2471 quelibet
647 2412 767 2472 poene,
797 2399 831 2452 ut
850 2393 956 2474 infert,
985 2394 1086 2456 habeo
1107 2413 1179 2474 pro·

262 2479 411 2558 positum,
434 2475 518 2555 quod
537 2495 640 2556 poeno
661 2495 723 2538 non
744 2477 844 2556 possit
863 2478 977 2538 remitti
996 2497 1052 2557 per
1064 2479 1179 2560 Pepem

260 2567 314 2623 eut
346 2558 443 2620 ullum
478 2559 791 2639 seoerdotem,1quis
817 2559 918 2642 nmine
942 2560 1043 2621 adhue
1064 2562 1181 2622 remisit

260 2649 411 2718 mortem,
433 2640 552 2705 infinite
572 2661 689 2722 genero
705 2662 893 2723 poenorum,
925 2645 1115 2722 morborum,
1147 2650 1182 2704 et

260 2725 408 2790 similium
421 2725 620 2806 miseriarum,
642 2745 721 2805 quse
734 2745 842 2788 omnes
852 2745 909 2806 pro
933 2735 1063 2806 peooeto
1078 2728 1177 2807 primo

260 2816 332 2871 sunt
352 2807 469 2873 illotae.
511 2807 552 2870 Et
580 2810 626 2870 sio
653 2809 795 2890 probatio
818 2810 857 2870 D.
879 2810 916 2870 D.
938 2810 1081 2890 probavit
1105 2827 1177 2870 oon

260 2893 436 2954 elusionem
458 2909 557 2971 meam
580 2899 688 2954 eontre
709 2894 874 2973 seipsum.

343 2973 499 3055 Secundo,
516 2976 600 3055 quod
611 2975 737 3038 eDevid
751 2977 900 3038 translato
913 2982 1043 3056 peoeeto
1054 2993 1118 3036 non
1131 2982 1180 3036 est

249 3058 413 3132 meloto
425 3065 527 3120 temen
537 3078 650 3138 poene,
672 3059 764 3121 etism
777 3074 834 3138 pro
847 3078 897 3120 me
906 3060 990 3138 feeit,
1011 3060 1130 3119 sieutet
1146 3060 1178 3119 in

260 3141 415 3204 Sermone
437 3141 548 3204 eodem
570 3141 689 3221 vulgari
710 3149 875 3221 sequenter
895 3142 968 3203 dixi.
1011 3140 1092 3216 Quis
1112 3148 1179 3203 eret
1257 3141 1261 3148 “

260 3243 385 3306 poene,
419 3222 510 3304 quem
532 3225 615 3286 Deus
642 3225 817 3305 requisivit,
852 3225 924 3287 ideo
945 3243 1037 3286 nemo
1059 3225 1179 3286 auferre

260 3309 372 3388 potuit.
415 3307 448 3370 Si
463 3306 501 3368 D.
515 3308 552 3368 D.
576 3327 638 3368 non
651 3308 805 3370 intellexit
817 3328 876 3388 me,
898 3307 1180 3396 legstdiligentins,

231 3403 323 3474 ‘ego
346 3391 428 3453 enim
454 3389 518 3452 dixi
540 3398 572 3454 et
592 3391 679 3453 dieo:
720 3391 812 3466 Quod
833 3393 914 3454 hene
934 3409 1069 3471 poenum
1091 3392 1198 3454 Deus·

260 3495 325 3546 non
346 3475 609 3553 requiret,.quem
632 3493 714 3555 pepo
735 3475 787 3536 vei
804 3476 901 3536 tomo
921 3476 1019 3554 possit
1038 3476 1179 3555 solvere3

261 3577 354 3638 quem
369 3564 472 3618 eutem
483 3557 551 3638 ipse
558 3558 684 3637 requirit
698 3557 1177 3639 (soilioetimmedietequuitur)

261 3661 326 3704 non
349 3642 450 3722 possit
469 3641 564 3702 homo
587 3640 735 3704 solvere'

344 3724 461 3802 Tertio,
482 3722 602 3786 induxit
622 3724 774 3804 glossam:
805 3724 889 3786 Deus
920 3723 1065 3787 deliotnm
1087 3725 1180 3804 dotet,

207 3931 210 3936 '
294 3925 330 3991 2)
351 3924 384 3976 In
402 3922 444 3977 ed.
466 3925 566 3994 origin.
586 3924 631 3977 iste
658 3924 778 3993 margini
797 3921 966 3992 sdscnptum
992 3923 1108 3993 iegitur:
1126 3919 1180 3973 Ad·

260 3996 342 4049 dnxit
367 4003 461 4049 temen
484 4011 514 4049 se
543 3995 616 4050 velie
640 3996 788 4064 replicare,
821 3997 846 4047 si
872 3995 1002 4049 dominus
1030 3998 1058 4045 D.
1081 3994 1178 4045 Eeeins
1279 4020 1282 4027 ι

259 4068 323 4137 plus
342 4070 418 4121 insto
437 4066 626 4136 responderet.
961 4083 986 4102 =
