3075 4775
860 302 891 306 .,
913 302 1021 306 ,πῂ
1045 304 1073 306 ,-

557 542 575 578 a
588 527 714 581 usaria
739 532 864 595 excepte.
1121 524 1183 593 183

334 714 402 777 lmo
429 716 466 777 Β
492 714 681 796 Augustinus
714 736 735 776 a
755 715 869 796 probat
901 715 1027 779 modum
1057 716 1179 797 praedi

255 797 343 860 sandi
365 808 492 859 nostrae
514 800 715 887 tempestatis,
735 734 855 860 gooens
878 818 1036 880 expresse,
1059 800 1179 862 nullum

257 884 416 963 pervenire
443 882 484 942 ad
510 877 671 943 ear-itatem
700 890 732 943 et
758 882 925 943 adversm
949 884 1096 963 gratiam
1121 886 1180 945 nisi

255 965 461 1044 praecedente
483 966 618 1042 timore,
652 984 714 1027 non
735 965 841 1044 flliali,
870 965 925 1026 sed
947 968 1039 1025 stiam
1061 968 1181 1032 servili

255 1049 339 1109 Haeo
361 1049 442 1128 Aug.
464 1050 618 1110 sententia
649 1056 697 1109 est
718 1049 820 1109 'l'reet
837 1048 865 1121 ¹)
890 1052 925 1113 9:
947 1049 1030 1129 Ergo
1052 1049 1181 1129 inoipiat

200 1157 208 1175 ·
256 1134 361 1208 timor,
385 1134 458 1211 quia
477 1133 595 1192 initium
618 1134 790 1212 sapientiae
812 1133 903 1194 timor
924 1133 1058 1193 Domini.
1102 1132 1180 1194 (lum

255 1224 359 1276 autem
380 1217 521 1295 eoeperit
541 1217 652 1275 caritas
675 1215 834 1293 habitere,
857 1216 981 1296 pellitur
1001 1217 1104 1294 timor,
1128 1218 1180 1295 qui

255 1299 282 1359 ei
308 1299 414 1359 loeum
444 1300 650 1379 praeparavit.
680 1297 835 1373 Quantum
864 1300 945 1359 enim
975 1298 1028 1359 illa
1062 1301 1181 1377 erescit,

254 1382 305 1442 ille
327 1381 502 1458 deereseit,
536 1388 569 1441 et
589 1390 735 1460 quantum
769 1382 824 1443 illa
858 1382 892 1443 fit
922 1383 1062 1460 interior,
1091 1384 1183 1443 timor

255 1465 380 1545 pellitur
410 1464 510 1544 fores,
537 1466 635 1525 maior
661 1466 790 1543 caritas,
819 1467 920 1526 minor
947 1467 1053 1542 timor;
1082 1467 1182 1525 minor

254 1550 377 1626 antas,
400 1549 500 1609 maior
519 1549 618 1608 timor.
662 1547 694 1608 si
717 1554 819 1608 auten
842 1549 942 1609 nullus
970 1550 1081 1625 timor,
1118 1568 1181 1610 nou

254 1639 301 1692 est
322 1651 387 1711 qua
408 1632 501 1692 intrat
529 1633 641 1691 oasitas
672 1630 744 1711 (dat
774 1632 1075 1711 comparationem),
1103 1632 1183 1691 siout

253 1714 396 1775 videmus
419 1732 474 1793 per
495 1721 594 1774 setam
614 1714 768 1775 introduci
780 1715 886 1794 linum,
909 1732 971 1794 quo
988 1716 1092 1791 suitur,
1115 1720 1182 1776 seta

253 1800 337 1878 prins
359 1799 465 1875 intrat,
487 1798 542 1857 sed
564 1798 622 1859 nisi
646 1804 745 1871 exeat,
768 1817 832 1858 non
854 1797 994 1859 sueoedit
1007 1798 1118 1875 linum,
1137 1800 1182 1859 sio

254 1884 349 1942 timor
371 1881 611 1961 prius’ooeupat
635 1888 782 1957 mentem,
805 1882 876 1959 quia
898 1880 969 1941 ideo
993 1881 1125 1957 intravit,
1148 1888 1182 1941 ut

253 1964 468 2025 introduoeret
488 1966 657 2024 ceritatem.
680 1963 805 2043 Allegat
825 1964 900 2043 illud
924 1963 1021 2023 Psalr
1047 1964 1181 2027 Conver-

253 2050 316 2109 tisti
339 2048 459 2107 luotum
493 2067 594 2108 meum
622 2049 654 2107 in
676 2047 831 2127 gaudium.
870 2048 907 2107 st
928 2046 1008 2107 infra
1027 2049 1181 2108 sententie

252 2131 338 2192 diota
357 2139 409 2191 est
430 2130 470 2191 de
493 2130 675 2210 seripturis,
713 2148 783 2189 nam
821 2132 872 2210 qui
901 2132 968 2190 sine
989 2130 1100 2190 timore
1122 2137 1179 2211 est,

254 2234 315 2276 non
328 2215 447 2293 poterit
467 2213 635 2274 iustifioari.
657 2212 742 2293 Opus
755 2234 830 2294 ergo
847 2219 903 2295 est,
926 2221 959 2274 ut
947 2214 1063 2274 tintret
1081 2215 1182 2294 primo
1226 2284 1232 2290 ,

254 2300 358 2373 timor,
382 2316 446 2377 per
460 2316 562 2376 quem
573 2297 678 2357 veniat
699 2297 822 2357 oaritas
849 2297 955 2358 Timor
976 2296 1181 2358 mediosmen·

255 2390 342 2459 tum,
374 2382 487 2442 aerias
509 2382 635 2442 sanitas
677 2379 793 2440 Exi
751 2388 793 2441 ist
794 2382 821 2444 is
850 2380 1042 2468 apertissime
1075 2380 1180 2460 liquet,

255 2467 329 2546 quia
351 2465 546 2545 poenitentia
566 2472 615 2524 est
636 2464 844 2540 medicinalis,
884 2473 915 2524 et
936 2465 1030 2524 timor
1050 2471 1097 2524 est
1118 2483 1180 2524 me·

255 2547 466 2609 meameutum
488 2547 657 2610 seeundum
679 2548 728 2606 An
772 2549 902 2625 sanum,
933 2553 964 2606 et
986 2549 1098 2607 oarites
1120 2567 1183 2608 non
1212 2612 1214 2617 ,

254 2635 350 2692 intrat
372 2632 431 2691 nisi
454 2650 509 2710 per
531 2631 714 2708 timorem,i
738 2649 776 2690 eo
794 2631 874 2692 bene
885 2629 1089 2710 praedicatur,
1109 2648 1184 2710 poe-

254 2715 420 2775 nitentiam
442 2733 461 2772 a
482 2715 593 2774 timore
616 2714 762 2793 insipere.

337 2797 381 2858 stt
404 2815 467 2856 non
484 2798 615 2877 accipio,
638 2795 722 2876 quod
741 2794 930 2856 reverendus
953 2794 1045 2856 Pater
1065 2795 1105 2856 ab
1129 2795 1184 2855 ini·

256 2884 298 2943 tio
321 2879 501 2940 resolutorii
531 2880 625 2939 refert
655 2878 818 2939 reverendi
840 2878 938 2939 Patris
961 2877 1108 2957 Staupioii
1130 2877 1184 2939 vo·

257 2985 324 3028 aem
359 2965 450 3042 qnasi
480 2963 609 3023 anelitus
638 2962 823 3040 demissam,
861 2962 1085 3022 Paenitentiam
1109 2962 1182 3021 inei·

257 3067 334 3128 pere
356 3045 397 3106 ab
420 3065 527 3106 amore
563 3047 603 3106 et*
622 3045 799 3106 dilectione.
842 3045 921 3106 Nam
943 3045 1015 3105 huie
1036 3062 1183 3123 expresse

257 3134 425 3193 reluctatur
447 3129 479 3190 B.
501 3128 701 3203 Ambrosius,
724 3128 824 3189 bonus
846 3129 1015 3188 animarum
1038 3127 1184 3206 medians,

256 3218 286 3276 in
308 3212 454 3292 Epistola
483 3212 522 3273 ad
545 3211 700 3272 Studium:
742 3210 801 3272 Ubi
830 3229 932 3290 poena
960 3210 1184 3291 praeseribitur,

258 3298 351 3358 debet
389 3314 460 3355 esse
489 3296 680 3392 poenitentia
702 3303 921 3375 pennatorum·
955 3293 1007 3354 ubi
1042 3295 1183 3355 remissio

259 3382 402 3457 donatur,
425 3380 525 3458 gratia
546 3383 609 3451 est·
637 3378 798 3458 praeeedit
819 3377 1025 3458 poenitentia,
1047 3379 1184 3456 sequitur

259 3465 370 3560 gratia
410 3461 520 3540 Neque
541 3479 618 3541 ergo
641 3462 834 3557 poenitentia
855 3463 922 3521 sine
943 3462 1060 3540 gratia,
1083 3479 1184 3540 nequo

258 3549 358 3644 gretia
400 3545 469 3604 sine
497 3545 697 3624 poenitentia
741 3543 842 3605 Debet
873 3544 954 3603 enim
992 3546 1184 3624 poenitentia

258 3632 343 3710 prius
364 3627 513 3688 damnare
534 3633 707 3707 peooatum,
729 3635 763 3688 ut
784 3627 993 3708 gratiapossit
1012 3627 1088 3686 illud
1110 3627 1185 3688 abo

259 3715 331 3775 lere.
377 3710 455 3771 lllud
476 3710 557 3822 idem
588 3716 717 3772 testatur
736 3711 976 3791 chrysostomus
1009 3717 1075 3772 toto
1106 3710 1186 3771 libro

261 4023 381 4152 9ιιΕΓΙιι
398 4020 558 4148 edicorigis·
567 4020 768 4076 ιιιιιιιιιιιιοιιο
783 4020 896 4090 legitur:
917 4017 1183 4089 August-eattae.

290 4111 298 4150 ι
357 4110 394 4166 go
414 4109 429 4147 e
458 4133 465 4146 .
