3075 4775
354 547 431 631 Μ)Ι
570 551 726 619 Disputatio
744 551 853 620 lipsiae
871 551 966 606 hatita
981 566 1007 606 a.
1027 551 1087 604 XIX

355 759 420 799 rum
442 740 474 799 in
497 737 647 800 Sermone
666 736 825 799 recitando
848 738 1015 799 seeundum
1037 740 1119 801 mam
1142 756 1283 803 commn-

356 842 427 883 nem
448 842 512 883 non
534 823 677 901 memini,
706 840 767 881 nec
786 822 866 882 ullus
888 822 1157 902 praedicatorum,
1194 822 1283 903 quod

356 908 567 983 meminerim,
589 906 732 987 negavit,
759 911 792 965 et
814 905 895 967 hunc
916 924 1040 987 quoque
1061 908 1227 984 timorem,
1249 907 1283 965 in

355 996 501 1068 quantum
535 989 671 1069 disponit
691 988 731 1049 sd
754 1008 858 1049 veram
894 991 1115 1069 poenitentiam
1149 1004 1284 1069 praeve-

356 1074 412 1133 niri
433 1074 634 1153 inspiratione
655 1072 769 1134 divina.
798 1072 876 1131 Nam
898 1072 1102 1134 indubitatum
1123 1083 1174 1133 est
1194 1072 1283 1153 apud

356 1156 564 1216 Christianum
582 1162 691 1216 contra
711 1155 828 1235 Pelagii
849 1155 1029 1236 perfidiam,
1061 1155 1146 1235 quod
1168 1156 1284 1217 salutis

353 1246 479 1299 nostram
500 1241 619 1299 initium
630 1239 697 1298 Deo
720 1240 890 1318 inspirante
904 1240 1063 1302 habemus.
1088 1238 1192 1314 Quare
1216 1258 1284 1299 non

353 1323 408 1383 mit
429 1324 657 1398 necessarium,
689 1322 751 1381 hoc
772 1320 898 1401 afferre,
932 1324 982 1384 vel
1004 1322 1044 1384 ob
1066 1323 1126 1384 hoc
1148 1322 1282 1383 modum

354 1404 553 1485 praedicandi
573 1404 808 1485 reprehendere.

437 1490 472 1549 ln
494 1508 555 1548 uno
577 1495 680 1548 tamen
691 1487 813 1548 videtur
835 1488 906 1549 mihi
920 1490 1178 1569 aequivocatione
1201 1489 1281 1566 falli,

355 1571 438 1651 quod
459 1572 540 1632 hanc
560 1575 710 1651 gratiam,
737 1591 799 1651 qna
820 1572 903 1632 Deus
924 1574 1086 1653 praevenit
1105 1571 1203 1633 corda
1225 1573 1283 1633 ho-

355 1657 472 1715 minum
493 1654 658 1733 movendo,
680 1655 856 1716 creditesse
868 1657 1036 1734 caritatem,
1059 1675 1127 1715 eum
1141 1656 1182 1714 sit
1194 1655 1284 1715 alind

354 1739 518 1818 gratuitum
542 1738 600 1797 Dei
628 1757 743 1798 munus.
777 1738 817 1799 Et
837 1758 893 1819 per
924 1740 986 1801 hoc
1014 1739 1149 1799 resoluta
1171 1746 1223 1799 cst
1247 1739 1282 1799 B.

356 1823 518 1901 Augustini
541 1820 580 1881 dc
602 1823 675 1901 spir.
697 1828 730 1882 ct
749 1822 793 1881 lit.
816 1824 987 1901 sententia,
1023 1828 1131 1883 contm
1162 1822 1283 1901 impro-

357 1905 413 1965 bos
434 1905 628 1985 Pelagianos.
936 1943 939 1951 ·

436 1988 576 2048 Alterum
588 1986 680 2066 :quod
696 1986 779 2065 dicit,
801 1988 944 2049 timorem
956 2006 1024 2048 esse
1041 1988 1282 2066 intructuosum,

354 2072 412 2130 nisi
432 2071 601 2131 accedente
624 2072 762 2148 caritate,
782 2073 849 2149 quis
871 2072 932 2133 hoc
955 2090 1089 2150 unquam
1113 2070 1161 2131 vel
1184 2069 1285 2131 Scho-

353 2153 530 2214 lasticorum
565 2154 614 2213 vel
636 2154 884 2214 Praedicatorum
914 2155 1059 2235 negavit,
1093 2155 1144 2232 qui
1167 2172 1283 2216 omnes

355 2238 490 2317 apostoli
511 2236 597 2297 Pauli
624 2236 665 2296 ad
695 2237 832 2297 Corinth.
868 2237 908 2297 de
946 2239 1074 2298 caritate
1109 2244 1283 2317 sequuntur
1336 2301 1342 2317 .

356 2320 564 2381 sententiam?
932 2372 934 2375 .

438 2405 553 2483 Porro,
585 2403 670 2482 quod
696 2403 927 2465 laudabiliorem
959 2404 1023 2464 dixi
1044 2404 1282 2484 poenitentiam,

356 2508 436 2569 quae
455 2489 494 2549 ab
516 2505 622 2548 amore
642 2489 786 2567 incipiat,
808 2490 973 2568 assumpsit
989 2506 1047 2548 nos
1057 2486 1171 2548 debere
1192 2487 1281 2548 illam

355 2573 473 2651 facere,
494 2573 580 2631 iuxta
599 2571 674 2630 illud
697 2569 911 2654 Johannis*):
939 2572 1044 2632 Facite
1065 2571 1176 2654 dignos
1198 2570 1283 2632 fruc·

355 2662 403 2717 tus
425 2655 645 2736 poenitentiae.
666 2655 744 2714 Nam
766 2655 792 2714 si
814 2654 983 2714 seeundum
1002 2655 1198 2735 fragilitatem
1222 2673 1281 2714 nos

355 2746 450 2800 stram
472 2745 554 2799 esset
574 2737 739 2818 agendum,
760 2757 916 2817 nunquam
938 2737 1175 2818 poenitebimus.
1197 2737 1281 2798 Dico

357 2840 414 2884 nos
436 2841 560 2902 quoque
580 2841 675 2901 posse
704 2821 806 2881 facere
822 2821 944 2902 ¹dignos
978 2821 1093 2881 fructum
1114 2821 1281 2900 poeniten·

356 2908 427 2984 tiae,
449 2906 569 2966 etiamsi
590 2925 611 2964 a
631 2906 741 2964 timore
762 2907 982 2986 inceperimus,
1005 2911 1036 2964 et
1057 2904 1096 2964 ad
1118 2905 1280 2964 damiatem

357 2991 583 3072 perveniamus.

439 3073 479 3133 Et
499 3073 601 3149 miror,
623 3070 706 3149 quod
728 3071 763 3133 D.
783 3071 874 3131 Pater
895 3070 959 3131 vult
979 3088 1037 3130 nos
1059 3072 1161 3131 facere
1182 3089 1279 3152 ange-

357 3157 425 3235 los,
453 3159 486 3216 et
506 3155 679 3236 fragilitatis
700 3160 827 3214 nostrae
847 3155 977 3232 oblitos,
1003 3173 1073 3215 oum
1101 3155 1135 3214 Β.
1157 3153 1277 3234 Grego-

356 3241 418 3299 rius
440 3239 492 3299 lib.
514 3242 541 3302 2.
565 3256 657 3318 super
677 3236 871 3298 Ezechielem
894 3256 1041 3317 expresse
1060 3237 1278 3314 declaraverit,

356 3322 537 3401 prophetam
574 3319 772 3380 descendisse
799 3321 848 3382 'de
875 3322 1027 3402 sapientia
1053 3321 1092 3381 ad
1123 3322 1279 3397 timorem,

357 3404 410 3465 sed
438 3424 498 3465 nos
525 3404 652 3465 eosdem
684 3404 797 3484 gradm
832 3404 1029 3465 ascendendo
1057 3424 1077 3464 a
1098 3403 1209 3465 amore
1237 3403 1279 3463 ad

357 3489 515 3558 caritatem
535 3488 756 3568 pervenimus,
791 3490 883 3556 sicut,
907 3489 1002 3548 multa
1028 3489 1089 3550 alia
1118 3486 1278 3568 fragilitati

357 3578 483 3632 nostrae
504 3571 730 3632 condonantur.
836 3639 842 3650 ,

430 3647 573 3714 ‘Mentem
595 3673 682 3714 suam
704 3654 912 3715 declaraturus
934 3655 1088 3733 ostendit,
1116 3653 1278 3733 quomodo

357 3738 482 3800 dilectio
504 3738 581 3818 legis
603 3738 788 3816 praecedere
808 3738 921 3800 debeat
941 3739 1176 3820 poenitentiam:
1205 3738 1280 3816 quia

358 3843 413 3904 per
447 3823 548 3903 legem
574 3820 742 3885 abundavit
763 3821 923 3899 delictum,
955 3828 1001 3884 et.
1016 3821 1057 3883 ad
1077 3819 1147 3881 cal.
1167 3825 1196 3884 5.
1218 3826 1279 3880 etc.

395 4103 426 4168 ⁸)
446 4097 539 4154 uach.
559 4098 585 4152 3.
