3075 4775
333 551 397 619 120
521 555 806 623 orspuuusnpsue
823 514 962 608 rastas.
982 552 1045 607 xix
1102 526 1105 534 ’

335 747 423 821 sesai,
447 742 529 822 quod
550 742 760 823 apostolatum
783 761 802 802 a
824 742 891 802 Deo
913 740 1077 821 aoeeperit,
1100 738 1259 801 abundan-

316 830 393 898 ,tlns
416 845 484 885 eum
507 824 770 903 laborasse'aliis,
792 826 898 885 fateor.
1023 895 1027 903 ι

418 909 479 970 sed
501 909 540 968 ad
563 910 685 968 tertium
706 910 889 987 veniamus,
911 906 995 987 quod
1016 906 1138 967 videtur
1158 908 1258 987 magia

295 1017 303 1025 ¹
334 995 437 1054 faeere
458 991 496 1051 ad
520 994 711 1071 propositum
734 994 815 1051 iuter
836 991 897 1052 alia
918 1008 974 1071 per
987 988 1190 1050 reverendum
1202 990 1259 1050 Pa·

336 1085 411 1137 trem
433 1075 586 1135 adduota:
610 1073 669 1149 Qui
692 1082 881 1153 cooperatus
903 1080 951 1155 eat
971 1074 1072 1151 Petro,
1095 1072 1135 1132 od
1152 1072 1257 1133 Galat.

238 1192 242 1202 ·
336 1163 364 1224 2.
387 1159 519 1236 Etdioo,
541 1158 668 1218 Paulum
682 1177 744 1217 non
756 1158 972 1237 promulgasse
988 1156 1091 1216 ibiius
1110 1156 1259 1234 divinum,

336 1242 390 1303 sed
414 1260 554 1302 narrasse
575 1241 702 1322 fastum²
720 1242 869 1318 ¹quoniam
894 1249 925 1300 et
945 1240 1052 1300 Petrus
1066 1238 1101 1318 *l
1116 1240 1156 1297 'in
1170 1237 1260 1299 Aetia

337 1326 478 1405 Apostol.
501 1324 676 1384 Cornelium
706 1324 852 1403 gentilem
875 1324 975 1383 iussus
1010 1328 1058 1383 est
1078 1324 1108 1381 in
1131 1320 1192 1381 fide
1213 1323 1260 1381 in-

263 1470 266 1474 ,
336 1417 463 1485 struere,
486 1414 518 1466 et
538 1406 680 1485 gentibus
701 1408 733 1466 in
755 1406 942 1484 Antiochia,
966 1406 1017 1466 nbi
1039 1404 1202 1485 praesedit,
1227 1412 1262 1464 et

337 1492 477 1551 similiter
496 1490 637 1565 Romae,
670 1488 722 1549 ubi
755 1489 879 1549 tandem
914 1490 1059 1569 martyrio
1094 1486 1262 1548 aNerone

337 1575 444 1655 gentili
466 1579 633 1633 coronatus
657 1577 724 1651 est,
756 1573 889 1652 praefuit
910 1580 941 1632 et
963 1572 1070 1632 doeuit
1091 1570 1144 1649 ¹),
1164 1570 1259 1629 simul

337 1678 406 1717 aum
429 1655 555 1717 ludaeis
588 1655 627 1714 ad
660 1654 753 1715 fi'dem
779 1657 936 1715 eonversis
967 1663 998 1715 et
1029 1652 1257 1715 eonvertendis.

337 1739 427 1800 Unde
448 1738 530 1797 elare
551 1738 670 1817 liquet,
704 1737 831 1797 Paulum
865 1739 977 1797 fastum
1011 1746 1083 1797 tuno
1104 1754 1256 1797 numanae.

337 1824 500 1882 Praetereo
523 1820 612 1909 quod*
628 1820 659 1882 Β.
682 1804 794 1880 Paulus
817 1840 879 1881 non
903 1822 1043 1881 meminit
1064 1818 1155 1879 offioii
1177 1820 1256 1899 regi-

337 1907 427 1965 minis
448 1904 500 1964 vel
521 1906 669 1983 primatus
691 1904 938 1983 praesidentiae,
972 1903 1025 1963 sed
1050 1903 1259 1963 exsecutionis

338 1988 551 2068 apostolatus,
573 1987 740 2046 seeundum
763 2006 854 2065 quern
877 1987 1011 2066 apostoli
1035 1986 1171 2045 diversas
1194 2002 1258 2045 sor*

337 2072 492 2131 tiebantur
511 2070 703 2149 provincias,
725 2072 755 2129 in
780 2088 840 2148 qno
864 2077 895 2129 et
914 2070 1021 2128 Petrus
1044 2069 1111 2129 aliis
1134 2075 1259 2148 aposto·

336 2154 372 2214 lis
393 2153 532 2231 aequalis
553 2152 611 2211 fuit
631 2152 798 2212 seeundum
820 2152 1002 2211 Anaeletur'n
1021 2170 1088 2212 ean.
1110 2153 1140 2211 in
1164 2168 1259 2229 nove,

249 2271 252 2280 =
335 2235 503 2296 seeundum
525 2234 746 2314 Hieronymum
771 2241 880 2296 eontra
899 2235 1113 2312 lovinianum,
1141 2239 1179 2293 'et
1209 2252 1260 2293 su·

337 2338 391 2398 per
413 2317 555 2398 Epistola
575 2317 764 2377 ad-Galatas
798 2318 964 2378 seeundum
989 2318 1196 2398 Cyprianum·‚
1220 2317 1258 2375 iu

224 2438 226 2447 =
336 2403 478 2482 Epistola
498 2404 527 2464 9.
549 2401 589 2460 ad
613 2401 787 2462 Cornelium
810 2402 924 2480 Papam
947 2401 998 2462 lib.
1020 2403 1049 2462 4.
1073 2399 1142 2474 Qus
1162 2399 1201 2458 de
1224 2419 1260 2460 re

260 2526 264 2536 ι
336 2505 425 2544 saera
446 2483 603 2563 Seriptura
622 2484 825 2564 intelligenda
848 2492 895 2544 est
917 2503 985 2544 eum
1009 2482 1129 2561 effeetu5
1150 2489 1184 2541 ut
1205 2482 1263 2542 ad·

335 2577 501 2646 vertamus,
525 2567 649 2645 quando
672 2566 827 2627 deoffieio
840 2566 1031 2646 apostolatus
1053 2565 1205 2645 loquatur,
1230 2573 1262 2628 et

337 2650 461 2729 quando
485 2650 524 2708 de
546 2651 695 2730 regimine
717 2653 880 2730 potestatis
903 2669 957 2709 seu
979 2649 1216 2729 praesidentiae.

272 2745 275 2751 '
417 2733 490 2793 Non
509 2733 616 2810 refert,
646 2732 727 2811 qood
757 2732 943 2793 reverendus
966 2732 1056 2792 Pater
1084 2731 1185 2792 adhue
1206 2751 1262 2792 ne·

336 2823 399 2895 gat,
422 2836 472 2876 me
493 2815 661 2876 adduxisse
679 2818 727 2876 ius
749 2815 884 2876 divinum
906 2833 963 2894 pro
978 2816 1118 2894 primatu,
1143 2821 1173 2873 et
1194 2833 1260 2874 non

230 2952 234 2958 .
336 2900 516 2960 dissolvisse
537 2901 717 2958 autoritates
740 2917 797 2977 per
818 2917 886 2958 eum
909 2897 1060 2974 induatas,
1084 2898 1155 2975 quia
1174 2897 1259 2956 idem

337 2982 471 3043 dieerem
494 2982 534 3041 de
557 3001 604 3043 eo.
628 2983 774 3041 Attamen
797 2976 897 3041 nullus
933 3001 972 3040 ex
994 2979 1022 3041 S.
1047 2980 1185 3040 Patribus
1214 2981 1260 3040 ita
1305 2986 1310 2993 “

336 3065 489 3125 intellexit
510 3065 690 3124 autoritates
703 3083 759 3142 per
771 3063 971 3124 reverendum
981 3063 1102 3122 Patrem
1115 3061 1261 3123 induotas

336 3148 374 3206 ad
388 3149 586 3227 negationem
599 3147 746 3224 primatus
757 3146 838 3206 Petri
849 3146 1036 3226 superalios,
1049 3146 1204 3224 sioutipse
1213 3147 1260 3203 in·

321 3229 432 3289 'duxit
466 3230 582 3290 Contra
612 3248 686 3289 vero
716 3229 904 3308 plurifariam
942 3229 1040 3288 saneti
1075 3228 1179 3288 Patres
1211 3229 1256 3286 in·

336 3312 523 3372 tellexerunt
558 3313 740 3372 autoritates
763 3332 833 3392 -per
866 3331 916 3372 rna
949 3311 1090 3372 induetas
1112 3310 1197 3388 loqui
1219 3310 1260 3372 de

336 3395 468 3474 primatu
490 3396 580 3455 Petri.
615 3394 704 3456 Unde
727 3397 810 3455 eirea
836 3394 921 3454 illam
944 3393 1196 3472 oonalusionem,
1233 3395 1260 3453 si

337 3477 505 3556 aliquando
527 3477 559 3554 ²)
584 3477 724 3538 acerbius
757 3483 788 3538 et
821 3478 925 3536 durius
950 3476 1116 3556 quidquam
1138 3476 1260 3536 loeutus
1316 3517 1321 3521 -

335 3573 401 3619 sum
425 3565 533 3620 eontra
553 3560 754 3621 reverendum
780 3561 910 3638 Patrem,
932 3559 1047 3620 nollem
1067 3559 1259 3619 arbitremini

336 3644 368 3702 in
392 3660 557 3722 personam
581 3663 665 3703 suam
690 3644 825 3722 dietum,
864 3642 1035 3704 sed-eausa
1056 3643 1145 3721 ipsa,
1162 3640 1259 3720 -qu'aa

338 3802 395 3807 .-—..
413 3801 433 3806 --·
445 3802 450 3805 e
461 3799 701 3808 ——--—--.....--

374 3868 404 3929 1)
426 3866 521 3917 Hicin
542 3869 668 3934 margine
687 3847 729 3919 eo.
750 3837 854 3935 origin:
873 3872 908 3920 et.
921 3866 983 3918 Jen.
1003 3831 1173 3932 adscriptum
1193 3861 1260 3932 legi-

335 3945 402 3992 tur:
421 3939 484 3990 Non
503 3942 546 3990 est
565 3953 670 4002 rerum,
690 3938 909 3990 dixitLutherus.
926 3936 958 4004 2)
981 3935 1013 3989 ln
1033 3935 1075 3988 ed.-
1094 3935 1155 3988 Jen.
1174 3935 1261 3988 verba

335 4011 435 4063 desunt
452 4008 517 4062 inde
536 4009 571 4060 ab
600 4011 862 4084 autoritates
881 4022 969 4077 usque
988 4007 1023 4059 ad
1043 4005 1258 4077 aliquando.

371 4080 404 4147 *)
424 4080 477 4134 Aet
493 4081 541 4135 10:
611 4136 619 4151 ,
