3075 4775
477 568 535 622 auis
555 568 662 637 Lipsiae
681 566 826 637 disputatis
845 584 872 624 a.
891 569 963 621 xlx.
1115 555 1178 633 286

264 748 342 811 base
355 770 465 812 eorum
478 752 517 813 sit
527 753 689 830 sententia,
701 772 740 813 ex
751 771 790 813 eo
802 758 896 832 patet,
907 752 990 831 quod
998 752 1101 833 Papae
1107 752 1180 814 bine

265 833 402 897 tribuunt
431 836 624 897 autoritatem
646 835 893 916 interpretandae
913 835 1101 915 scripturae,
1122 835 1181 896 soli

265 918 374 995 etiarm
399 916 510 979 deinde
523 938 590 979 eam
604 926 765 999 opponunt
782 918 932 996 omnibus,
955 936 1034 998 quoa
1054 919 1182 979 audiunt
1202 956 1206 978 .

265 998 1180 1083 veldubitarevelreluotaripootiilenmvelliterisveliaotis.

347 1082 420 1158 Qua
450 1087 602 1147 sententia
635 1104 692 1145 nee
719 1084 840 1145 Lnuiler
870 1085 953 1163 ipse,
984 1103 1043 1144 nee
1072 1104 1180 1145 omnes

262 1166 413 1227 baeretici
433 1167 523 1227 simul
545 1169 657 1248 sumpti
679 1168 912 1245 damnatiurem,
934 1169 996 1228 imo
1019 1186 1078 1227 neo
1098 1169 1180 1227 simi-

264 1249 324 1309 lem
346 1251 539 1329 impietatem
567 1252 790 1332 cogitaverunt.
812 1250 910 1310 -Nam
938 1248 1011 1310 hine
1035 1252 1182 1329 sequitur,

266 1330 382 1413 Papam
413 1338 444 1393 et
470 1336 606 1395 notanus
634 1335 739 1415 palatii
766 1352 835 1395 esse
862 1352 954 1414 supra
980 1334 1182 1413 evangelium,

266 1433 302 1476 au
323 1436 382 1497 per
403 1415 464 1476 boe
486 1436 578 1497 supra
597 1418 706 1495 Deum,
730 1436 797 1477 eum
808 1416 929 1477 Luoiler
950 1416 1048 1477 solum
1071 1436 1181 1495 aequa·

266 1497 301 1559 lis
323 1498 396 1559 Deo
425 1518 494 1560 esse
521 1508 649 1561 eonetus
678 1500 780 1562 fuerit
823 1498 892 1575 Qua
919 1500 1073 1581 sapientia
1100 1518 1183 1560 nova

266 1580 384 1663 Papam
406 1582 496 1643 nobis
518 1583 673 1645 homiuem
694 1584 778 1643 illum
799 1590 945 1661 statuunt,
967 1582 1006 1643 de
1027 1600 1087 1662 quo
1108 1582 1183 1653 uiuit

164 1652 165 1711 ἓ
266 1663 398 1725 Paulus:
442 1664 500 1741 Qui
529 1666 687 1728 extollitur
715 1663 807 1747 supra
836 1684 927 1726 omne
959 1666 1042 1746 quod
1064 1666 1183 1744 colitur,

267 1756 318 1809 aut
342 1747 429 1829 quod
452 1748 562 1810 dieitur
585 1752 673 1813 Deus.
716 1749 858 1811 Euoleaia
873 1750 954 1810 enim
977 1757 1116 1809 ereatura
1137 1756 1184 1809 est

164 1890 165 1897 ,
267 1830 434 1913 evangelii,
455 1833 735 1913 incomparabiliter
756 1834 856 1893 minor
876 1833 956 1912 ipso,
978 1833 1056 1892 siout
1075 1832 1184 1892 sitla-

267 1914 383 1977 oobus:
405 1914 582 1981 Voluntaria
604 1916 710 1997 genuit
737 1934 796 1975 nos
817 1914 913 1977 verbo
940 1916 1076 1976 veritatis
1099 1933 1183 1993 auae,

268 2008 298 2057 et
319 1997 450 2057 Paulus:
495 1998 553 2059 Per
583 1999 777 2080 evangelium
805 2017 865 2079 ego
887 2016 944 2058 vos
966 1999 1074 2078 genui,
1101 1997 1183 2058 unde

267 2079 351 2141 idem
374 2080 501 2141 verbum
523 2090 651 2143 voantur
670 2092 774 2141 uterus
795 2086 828 2142 et
848 2082 941 2142 vulva
952 2082 1019 2160 Dei,
1041 2081 1182 2145 matt:

269 2160 326 2239 Qui
351 2164 516 2244 gestamini
536 2166 567 2224 io
589 2166 677 2226 utero
700 2185 781 2242 meu,
803 2171 835 2225 et
856 2166 1019 2245 portamini
1041 2166 1072 2225 in
1094 2165 1186 2225 vulve

269 2264 355 2326 mea,
389 2247 461 2326 quja
481 2247 600 2309 seilioet
625 2266 665 2309 ax
686 2248 754 2310 Deo
782 2248 937 2309 nascimur
972 2255 1003 2308 et
1029 2254 1188 2328 portamur

268 2330 364 2392 rtrbo
388 2330 505 2392 virtutis
527 2350 611 2394 suae.

354 2412 387 2476 Si
409 2414 469 2473 hoe
489 2415 638 2477 voluisset
659 2414 694 2476 B.
716 2415 922 2496 Augustinus,
950 2416 1030 2476 siout
1049 2416 1078 2476 ei
1098 2417 1185 2477 inno-

165 2559 166 2566 ,
271 2497 449 2558 santissimo
490 2498 665 2578 imponunt,
702 2500 769 2578 quis
797 2517 861 2558 non
890 2497 1053 2578 Augustini
1082 2498 1186 2559 mallet

165 2591 167 2656 ξ
226 2626 229 2632 .
270 2599 428 2660 nunquam
450 2580 603 2642 audivisse
624 2581 759 2642 nomen?
801 2581 896 2661 igitur
916 2582 955 2642 ad
976 2581 1091 2642 iontem
1114 2601 1186 2642 eun-

165 2657 167 2722 i
272 2663 343 2724 dum
367 2670 425 2726 est.
467 2662 578 2726 floribit
606 2666 685 2726 enim
715 2666 748 2725 Β.
771 2665 961 2746 Augustiana
994 2673 1102 2725 eontra
1125 2665 1186 2744 epi·
1205 2705 1218 2720 ,

165 2781 166 2788 1
272 2747 385 2808 stolam
420 2746 609 2809 tundamenti
642 2748 906 2824 Maniohaeorum,
940 2765 1003 2809 uon
1036 2747 1187 2807 Vineentii

226 2855 229 2870 ·
274 2835 326 2906 (ut
346 2829 393 2890 illi
419 2828 541 2910 dieunt)
567 2833 666 2912 eapite
688 2835 721 2896 5:
764 2830 855 2892 Adeo
882 2829 1012 2891 studiosi
1031 2838 1103 2890 sunt
1123 2839 1186 2889 tum

165 2951 166 2956 κ
273 2912 418 2974 librorum
441 2919 503 2974 tum
527 2913 706 2993 verborum,
736 2922 769 2974 ut
795 2933 854 2974 neo
874 2913 914 2975 ad
937 2915 1101 2994 originem,
1128 2930 1187 2972 neo

274 2995 460 3056 adsensum
483 3004 589 3058 ourent
611 2997 721 3078 pedem
750 3015 884 3060 movere.
926 2997 1066 3076 Denique
1094 2996 1188 3057 verba

274 3080 454 3160 Augustini,
476 3098 554 3160 qnae
576 3081 621 3141 sio
648 3080 779 3143 hebent:
807 3081 978 3162 Evangelio
1000 3098 1063 3140 uon
1084 3078 1187 3140 oredo·

273 3181 357 3240 rem,
386 3163 444 3222 nisi
465 3181 516 3224 me
537 3163 687 3226 ecelesiae
717 3171 924 3225 commoveret
944 3163 1109 3242 autoritas,
1142 3163 1188 3222 illi

275 3244 439 3307 thrasones
469 3246 514 3308 sio
540 3246 685 3308 reddunt:
729 3247 900 3328 Evangelio
928 3265 991 3308 nun
1020 3245 1187 3323 eraderem,

275 3329 332 3389 nisi
353 3327 511 3390 eraderem
534 3329 693 3393 eeolesiae.
735 3330 810 3392 lude
830 3331 905 3392 nibil
927 3331 1051 3406 mirum,
1079 3332 1104 3390 si
1125 3336 1191 3392 tau·

276 3419 339 3472 tum
363 3411 403 3472 sit
425 3411 595 3473 laboratum
617 3415 648 3474 in
671 3413 759 3474 huius
775 3415 847 3476 dieti
868 3413 1080 3495 intelligentia,
1102 3421 1193 3476 ettot

277 3513 422 3555 moenum
445 3495 560 3556 rivulos
582 3496 654 3558 iude
686 3497 805 3558 duetus
854 3497 954 3558 Iustus
984 3498 1065 3556 enim
1104 3497 1191 3559 labor
1278 3552 1286 3569 ‚

275 3576 322 3638 luis
337 3575 371 3659 ¹)
394 3583 451 3657 est,
473 3585 506 3639 ut
529 3578 630 3640 multia
652 3587 852 3659 torqueantur
877 3579 1189 3659 interpretationibus,

223 3717 232 3736 „
276 3661 326 3740 qui
343 3658 458 3723 librum
481 3669 511 3722 et
533 3677 670 3724 autorem
693 3682 755 3724 non
777 3662 942 3744 dignantur
964 3662 1112 3741 lectione,
1135 3663 1190 3724 aed

278 3743 316 3804 de
354 3745 417 3804 auis
447 3745 596 3826 capitibus
624 3745 765 3808 divinare·
782 3755 933 3808 sonantur
951 3745 1116 3808 undelibet
1135 3747 1192 3821 ‹le-

277 3828 390 3907 aerptis
411 3826 647 3910 depravatisque
671 3829 759 3890 dietis
780 3829 1027 3910 intelligentiam.

358 3909 502 3991 Primum,
521 3911 680 3974 familiaris
702 3919 809 3994 tropus
830 3919 878 3976 est
898 3914 932 3975 B.
950 3913 1127 3994 Augustini,
1148 3913 1192 3972 di·

312 4086 344 4145 tt
364 4085 396 4137 ln
416 4083 478 4158 adul.
496 4086 581 4154 orig:
600 4087 633 4138 is.
