3075 4775
800 372 809 405 Ι

326 520 411 608 '192
471 572 481 584 -
537 542 695 611 onpuuoo
715 542 822 627 upote
844 541 936 595 santra
954 556 979 595 s.
999 540 1062 595 xix

348 737 381 791 et
402 730 499 790 nostri
521 729 750 811 praedicatores
772 736 804 790 et
824 728 968 791 doctores
984 740 1154 811 ‘nunquam
1178 748 1279 811 uege-

350 821 466 890 verunt,
490 814 562 893 quie
583 814 666 873 Deus
687 812 853 893 aspirando
879 814 1048 892 praevenit.

431 897 594 957 Praeterea
631 897 830 957 Aristotelem
863 914 925 955 non
952 896 1020 956 'vult
1046 903 1209 975 acceptare
1242 898 1278 955 in

349 980 470 1041 scholis
491 979 691 1060 theologicis,
718 986 750 1039 et
777 988 879 1040 tamen
907 978 1010 1039 audet·
1029 996 1099 1039 eum
1120 980 1195 1039 mibi
1219 998 1279 1059 op-

347 1082 473 1144 ponere.
506 1062 569 1123 Sed
588 1062 658 1123 dico
680 1071 874 1123 constantem
897 1062 1177 1123 esse'ethnicorum
1201 1082 1280 1124 sen-

348 1149 492 1224 tentiam,
519 1146 657 1207 sistendo
685 1148 716 1205 in
745 1147 855 1206 timore
876 1164 998 1225 poenae
1025 1165 1089 1207 non
1111 1164 1181 1205 esse
1202 1166 1279 1226 per—

347 1232 458 1291 fectam
480 1230 633 1307 virtutem,
654 1231 739 1289 iuxta
760 1228 853 1289 illud:
884 1228 1022 1289 Oderunt
1043 1246 1175 1309 peccare
1198 1230 1279 1289 mali

347 1313 512 1374 formidine
542 1330 683 1394 poenae,
717 1311 850 1372 oderunt
871 1330 999 1392 peccare
1025 1312 1120 1391 bo‘ni,
1150 1313 1277 1372 virtutis

349 1415 455 1457 amore
477 1403 536 1455 etc.
580 1396 646 1455 Nee
667 1413 746 1475 opus
767 1395 886 1456 virtutis
910 1395 1003 1455 debet
1024 1414 1094 1455 esse
1116 1402 1278 1471 eoactum,

348 1479 402 1539 sed
425 1479 561 1540 liberum.
591 1478 684 1538 Aliud
704 1487 807 1539 tamen
831 1486 878 1537 est
898 1478 1026 1538 liberum
1047 1478 1202 1540 arbitrium
1229 1480 1279 1539 in·

348 1563 429 1641 duci,
450 1561 533 1621 aliud
556 1573 603 1621 est
617 1562 744 1622 liberum
759 1563 915 1623 arbitrium
939 1563 1019 1641 cogi.
1042 1562 1163 1639 Fateor,
1185 1561 1277 1621 Obri-

347 1655 412 1706 stus
434 1644 594 1706 benevolis
616 1644 717 1705 verbis
738 1646 864 1707 vocavit
885 1645 1062 1723 apostolos,
1083 1644 1278 1720 Zachaeum,

348 1727 571 1809 Magdalenam.
617 1728 678 1788 Sed
706 1726 996 1807 ipsum,aliquaudo
1019 1727 1123 1789 dorin
1146 1746 1276 1803 vocare,

347 1812 461 1872 lactum
482 1811 568 1870 Pauli
599 1810 688 1873 nobis
710 1812 825 1890 innuit,
860 1810 899 1871 de
921 1830 983 1889 quo
1006 1812 1195 1891 Augustinus
1230 1814 1278 1871 ait

348 1898 398 1959 23.
419 1900 539 1974 quaest.
561 1896 590 1955 4.
611 1913 696 1954 can:
726 1893 812 1968 Quis.
834 1894 889 1953 Oui
913 1894 1050 1954 Christus
1074 1896 1135 1953 vim
1156 1896 1276 1973 intulit,

349 1980 586 2057 quemcoegit,
621 1979 705 2036 etin
726 1977 943 2058 Evangelio*)
973 1975 1012 2037 de
1031 1979 1196 2037 vocatione
1233 1979 1275 2038 sd

348 2081 486 2122 coenem¹
500 2060 587 2119 dicit:
611 2059 772 2139 Compelle
793 2062 916 2120 intrare.
939 2061 1025 2121 Siout
1045 2058 1181 2140 pluribus
1205 2081 1276 2121 ver-

348 2145 393 2204 bis
422 2144 456 2205 B.
480 2142 648 2221 Gregorius
675 2144 707 2202 in
736 2142 864 2203 homilis
893 2144 1098 2223 prosequitur.
1153 2144 1277 2204 Tacent

240 2294 243 2301 ,
348 2247 433 2307 ergo,
445 2245 572 2305 quaeso,
593 2226 782 2297 reverendus
791 2227 889 2305 Pater,
912 2227 1011 2287 solum
1032 2226 1275 2288 benevolentem

348 2309 479 2370 afferens
503 2310 707 2369 vocatiouem.

428 2394 595 2453 Praeterea
617 2394 716 2453 solum
740 2394 881 2453 timorem
905 2392 1031 2454 filialem
1060 2395 1273 2456 necessarium

345 2477 507 2539 arbitratur
528 2477 855 2556 poenitenti„de,quo
878 2477 1041 2556 plurimum
1066 2480 1174 2557 miror,
1198 2496 1272 2538 cum
1332 2501 1340 2520 ·

344 2561 438 2620 bodie
459 2580 509 2622 me
531 2559 689 2620 adversm
707 2559 930 2639 Scripturarum
952 2560 1185 2640 intelligentiam
1205 2583 1274 2624 rno-

346 2645 462 2723 nuerit,
493 2644 577 2722 quod
598 2645 751 2723 seipsum
777 2645 875 2722 primo
897 2661 961 2703 non
983 2645 1174 2723 emendavit,
1197 2663 1272 2705 nam

346 2737 378 2788 et
400 2729 436 2788 B:
458 2728 699 2806 Augustinus‘in
723 2727 793 2787 loco
825 2726 919 2786 hodie
939 2727 1075 2806 allegato
1105 2747 1197 2808 super
1217 2729 1273 2790 lo·

280 2832 284 2842 ·
347 2812 452 2873 banne
474 2811 608 2890 loquitur
628 2811 667 2870 de
689 2812 801 2870 timore
821 2811 936 2891 servili,
958 2829 1050 2890 quem
1063 2811 1154 2871 iores
1178 2813 1274 2874 mittit

346 2897 476 2974 writes,
505 2907 538 2954 et
563 2893 604 2954 de
623 2894 677 2954 illo
700 2893 775 2954 dicit
803 2894 887 2972 loqui
917 2895 1109 2974 Sapientem:
1144 2894 1271 2964 Initium

345 2979 516 3059 sapientise
538 2979 628 3037 timor
650 2976 783 3038 Domini.
828 2977 868 3037 lllt
894 2979 938 3038 ita
966 2978 1005 3037 de
1027 2979 1136 3039 timore
1164 2981 1272 3040 servili

346 3062 499 3123 intellexit
519 3062 626 3141 glossa
647 3079 739 3139 super
761 3061 841 3120 Psal.
854 3061 906 3139 *J:
949 3063 1073 3122 lnitium
1093 3063 1271 3142 sapientiae

346 3156 404 3210 etc.
446 3149 545 3207 llletus
566 3143 670 3204 iudicii
689 3145 783 3203 ianua
803 3151 851 3204 est
871 3146 1083 3206 conversionis
1104 3146 1144 3204 ad
1159 3147 1272 3223 Deum,

348 3240 379 3292 et
399 3241 444 3291 est
466 3230 573 3311 glossa
585 3227 773 3288 cassiodori.
795 3227 846 3288 Sic
859 3228 966 3309 glossa
986 3248 1078 3308 super
1098 3229 1172 3288 illud
1186 3231 1270 3310 Apo-

346 3315 418 3375 stoli
447 3314 487 3374 ad
507 3314 616 3374 Roma
638 3313 673 3374 8:
714 3311 785 3372 Non
820 3315 901 3372 enirn
936 3313 1099 3392 accepistis
1128 3316 1270 3393 spiritum

348 3399 501 3459 servitutis
528 3399 559 3457 in
587 3398 712 3474 timore,
745 3395 820 3456 dicit
852 3398 992 3456 timorem
1025 3397 1174 3457 servilem
1198 3415 1271 3456 esse

349 3485 464 3547 bonum
485 3491 517 3544 et
537 3503 556 3542 a
570 3483 649 3543 Deo.
690 3481 742 3542 Sic
763 3480 874 3541 Paulus
897 3481 1130 3541 testatur-illum
1152 3481 1269 3543 bonurn

349 3572 378 3632 1.
400 3567 532 3632 Timoth.
555 3574 589 3633 ὗε
613 3567 797 3626 Peccantem
819 3585 922 3626 coram
946 3565 1088 3626 omnibus
1110 3581 1214 3646 argue,
1237 3575 1272 3627 ut

317 3716 322 3726 ,
348 3661 380 3713 et
408 3654 501 3713 ceteri
523 3655 662 3712 timorem
697 3651 841 3713 habeant.
885 3651 931 3710 lta
953 3652 1142 3730 Augustinus
1176 3671 1270 3730 super
1317 3724 1321 3734 ,

347 3737 477 3797 Psalmis
497 3738 550 3813 ait,
573 3743 605 3796 et
625 3734 847 3816 longobardus
869 3754 937 3796 eum
962 3745 1083 3794 enarrat
1103 3737 1134 3794 in
1152 3738 1187 3798 3:
1219 3733 1268 3793 Ti-

349 3840 417 3881 mor
438 3820 556 3881 servilis
569 3826 625 3896 est,
648 3838 716 3881 cum
727 3839 784 3899 per
796 3820 938 3880 timorem
951 3819 1114 3910 gehennae
1129 3823 1269 3882 continet

385 4099 415 4168 *)
436 4099 525 4154 Lucae
545 4099 587 4154 14.
625 4102 671 4165 η)
690 4051 793 4155 Psalm.
814 4103 872 4153 lll.
