3075 4775
480 525 539 579 suis
559 524 663 593 Lipsiae
682 523 829 592 disputetis
849 540 874 579 a.
893 522 968 579 xix.
1120 522 1182 591 261

254 728 307 791 per
320 726 499 790 peooemus,
521 708 821 785 dumbeneipeimus,
837 698 1111 791 'licetquondoque
1128 713 1180 773 mi·
1280 754 1284 761 -

254 813 318 870 uus,
341 792 532 873 quandoque
554 794 662 875 magis,
686 790 855 855 seeundum
878 792 961 872 quod
984 812 1056 855 oero
1079 796 1181 857 minus
1269 851 1277 861 .

254 876 344 937 suerit
372 877 551 956 importune
573 895 641 937 oum
665 874 911 937 suis-immundis
934 874 1104 937 desideriis.

333 958 422 1019 Haeo
450 977 525 1041 ergo
549 965 596 1021 est
619 978 728 1035 oense,
765 978 861 1039 quere
883 977 946 1020 non
969 960 1009 1019 sit
1029 960 1126 1021 iustus
1149 963 1180 1022 in

254 1049 350 1120 terro,
380 1043 431 1121 qui
461 1041 554 1105 tsoist
580 1040 660 1103 bene
700 1050 732 1105 et
760 1062 823 1105 non
851 1034 974 1123 p‘eooet,
1011 1051 1057 1103 est
1077 1050 1179 1105 eutem

253 1126 322 1187 telis
345 1126 444 1185 iustus
466 1125 566 1186 solum
588 1126 620 1187 in
641 1124 743 1189 eoelo.
788 1126 978 1187 Gumeutom
996 1126 1091 1187 homo
1113 1128 1181 1188 sine
1266 1102 1289 1167 1¹

252 1211 311 1271 isto
333 1208 496 1270 uoluntate
519 1228 581 1270 non
605 1210 662 1287 sit,
698 1227 757 1270 neo
784 1210 852 1271 sine
872 1228 910 1269 ee
932 1216 1094 1289 operetur,
1124 1229 1180 1288 per
1270 1251 1274 1276 .

252 1290 312 1353 hoo
335 1310 395 1351 neo
418 1293 484 1353 sine
507 1299 636 1373 peooeto
652 1293 683 1351 in
707 1312 802 1373 opere
816 1291 900 1354 bono
923 1294 988 1353 erit.
1012 1291 1177 1366 Quomodo

253 1377 332 1437 enim
357 1375 425 1435 sine
446 1394 484 1435 eu
506 1378 625 1455 operari
648 1382 766 1457 potest,
798 1376 938 1454 quisine
960 1393 998 1435 en
1019 1376 1124 1435 vivere
1147 1384 1179 1436 et

253 1477 321 1519 esee
335 1476 400 1519 non
414 1456 536 1539 potest?
557 1456 659 1533 Quare
669 1459 765 1518 iustus
779 1464 826 1519 est
838 1458 925 1532 velut
943 1448 1176 1519 instrumentum

167 1558 169 1577 ¹
254 1560 412 1603 corrosum
424 1540 574 1623 rubigine,
598 1540 679 1621 quod
692 1540 776 1610 Deus
799 1541 934 1623 suscepit
947 1541 1176 1621 expoliendum,

253 1624 346 1705 quod,
369 1623 420 1686 ubi
443 1643 601 1686 corrosum
625 1634 681 1703 est,
705 1625 785 1685 mole
807 1633 902 1701 secet,
925 1625 1026 1686 donee
1041 1625 1177 1705 periente
1210 1661 1212 1665 -

254 1709 291 1769 eit
313 1707 497 1787 expolitum.
761 1738 763 1745 ·
1039 1760 1053 1779 ‚

334 1789 450 1865 Quinto
466 1793 506 1869 ¹),
520 1788 560 1851 ad
572 1789 632 1851 hoo
654 1790 736 1867 velet
747 1788 800 1850 ille
813 1788 961 1869 parabole
975 1790 1093 1866 (Luoee
1108 1794 1173 1864 10.)

253 1872 447 1951 Samaritani,
471 1874 521 1951 qui
545 1874 693 1934 semivivo
709 1872 857 1949 homini2)
883 1872 983 1933 infuso
998 1872 1174 1945 vulneribus

252 1958 321 2018 oleo
348 1965 379 2017 et
400 1957 473 2017 vino
487 1956 626 2039 alligavit
647 1956 769 2036 quidem
794 1954 931 2032 vulnero,
953 1954 1008 2017 sed
1028 1955 1174 2036 numquid

252 2060 324 2101 mox
349 2038 492 2101 sensuit?
515 2058 589 2117 non,
611 2038 664 2099 sed
688 2041 791 2100 ouium
815 2040 881 2101 eius
895 2039 1050 2101 commisit
1071 2039 1176 2099 stabu-

250 2123 344 2200 lone,
368 2122 469 2183 doneo
489 2123 611 2185 rediret.
655 2121 761 2202 Itaque
784 2121 917 2182 ecelesia
939 2121 1092 2183 stabulum
1116 2130 1173 2199 est,

251 2208 278 2267 iu
315 2223 379 2285 quo
412 2212 540 2287 nooepte
561 2206 661 2287 gretie
691 2205 836 2286 baptismi
869 2203 1005 2284 quotidie
1034 2225 1174 2267 ouromur

250 2310 266 2349 n
287 2290 438 2371 ponentis,
461 2296 492 2350 et
515 2296 726 2369 opernnostre
745 2290 910 2366 toliesuut,
931 2289 1035 2369 quetis
1056 2309 1172 2366 eorum,

250 2374 300 2454 qui
325 2374 478 2452 incipiunt
499 2373 611 2447 sonori,
648 2373 747 2435 saneti
781 2379 883 2434 nutem
919 2371 1054 2434 nonduin
1083 2380 1174 2453 sunt3

164 2503 165 2528 p
249 2453 368 2538 quie³)
394 2461 488 2536 potet,
511 2455 592 2536 quod
616 2457 677 2516 sint
698 2456 808 2537 purtim
826 2475 929 2536 segre,
954 2458 1062 2537 purtim
1085 2476 1171 2536 seua,

164 2545 165 2588 ἱ
251 2541 380 2600 multum
402 2537 442 2600 ab
465 2539 511 2599 hie
534 2537 689 2615 distentio,
711 2559 791 2619 quae
808 2541 874 2600 soni
889 2539 1025 2620 perfecte
1047 2540 1172 2601 iuoiunt.

164 2665 165 2690 i
248 2623 323 2684 Inde
347 2621 484 2684 Christus
506 2621 611 2686 Metth.
635 2627 663 2687 7.
686 2622 848 2719 apostolos
875 2621 969 2703 plene
1001 2623 1100 2683 melos
1123 2643 1174 2702 sp·

164 2711 165 2724 ’
247 2707 355 2786 pellet,
378 2704 502 2766 dioens:
526 2705 590 2766 Vos
603 2725 671 2766 oum
695 2707 759 2766 sitis
773 2705 857 2783 mali,
882 2707 980 2765 nostis
1006 2703 1173 2766 boosdoto

249 2789 324 2850 dere
347 2785 417 2848 filiis
440 2789 558 2850 vestris.
602 2788 632 2850 Si
653 2795 756 2850 nutem
779 2797 850 2849 suut
871 2787 959 2863 meli,
995 2787 1056 2848 iem
1079 2787 1175 2848 stabit

249 2871 390 2933 eiusdem
409 2870 531 2931 Domini
555 2873 717 2934 sententio.
763 2871 963 2949 Arborlmein
983 2891 1045 2932 non
1069 2877 1174 2950 potest

248 2956 365 3016 fruetus
390 2953 488 3014 bonos
500 2955 611 3032 tabere,
628 2961 665 3046 pt
686 2962 803 3016 tentum
814 2955 931 3016 ssoiunt
951 2955 1064 3031 bonos,
1079 2973 1173 3032 quun-

250 3050 314 3108 tum
339 3043 410 3098 sunt
432 3037 522 3098 arbor
544 3037 637 3116 bons,
660 3046 691 3099 et
712 3046 849 3102 eoorrtre.

332 3119 425 3196 Quod
447 3128 548 3182 sutem
561 3117 639 3182 lineo
653 3119 856 3202 intelligentis
873 3128 926 3181 out
937 3139 1009 3181 usus
1024 3118 1170 3199 loquendi

247 3203 331 3287 spud
354 3203 519 3283 theologos
542 3204 646 3284 periit,
679 3205 709 3265 in
731 3221 825 3266 ceusu
853 3210 919 3279 est,
954 3201 1036 3282 quod
1058 3201 1173 3264 relictis

248 3286 464 3349 seorisiiteris
478 3295 648 3368 coeperunt
669 3285 707 3348 de
730 3287 776 3347 hie
791 3288 882 3348 rebus
905 3285 1016 3347 divinis
1028 3285 1173 3365 humano,

249 3371 278 3432 id
302 3375 367 3442 est,
385 3368 523 3430 faciliore
548 3374 599 3446 (ut
618 3370 678 3452 ipsi
700 3373 825 3450 putant)
844 3369 937 3432 modo
960 3369 1108 3454 loquihet
1128 3370 1174 3430 sie

249 3452 398 3534 paulatim
432 3454 601 3514 omiserunt
638 3462 669 3514 et
702 3473 825 3516 sensum
859 3453 1052 3533 Scriptum,
1087 3455 1172 3513 ouius

250 3537 345 3598 verbe
368 3527 512 3613 tanqua'm
535 3557 610 3597 vesu
627 3537 816 3617 ¹reliquerunt
837 3536 944 3615 eimu13
966 3536 1027 3616 qui,
1051 3556 1118 3596 cum
1141 3537 1172 3596 in

250 3619 404 3700 baptismo
427 3620 538 3680 remitti
563 3621 666 3681 omnia
688 3625 816 3702 peccate
839 3620 968 3695 seirent,
1003 3619 1104 3680 stetim
1129 3619 1171 3680 in·

251 3703 401 3779 tulerunt,
425 3699 539 3764 nullum
561 3703 603 3767 ibi
625 3702 755 3784 relinqui
778 3709 955 3784 peecatum,
990 3699 1170 3778 sornitem⁴)

251 3806 312 3847 non
334 3793 513 3866 peecatum,
536 3787 590 3848 sed
613 3787 837 3863 infirmitatem,
860 3793 969 3847 eontra
990 3804 1171 3865 expressum

251 3876 367 3932 textum
391 3867 534 3948 Apostoli
556 3870 765 3972 appellentes,
796 3888 864 3930 oum
887 3876 1048 3950 peceatum
1072 3868 1171 3928 remit·

289 3992 317 4051 1)
338 3990 370 4042 ln
391 3987 453 4042 edd.
468 3975 556 4058 oiim:
578 3991 673 4044 Sexto.
687 3989 717 4052 2)
738 3987 822 4042 ibid:
842 3990 1006 4042 semivivum
1018 3986 1159 4040 homiuem

251 4060 278 4124 3)
301 4059 387 4118 ibid:
407 4075 488 4132 quse.
526 4058 556 4122 4)
578 4060 661 4118 [bide
682 4059 745 4118 ideo
763 4061 899 4116 tomitem.
