3075 4775
567 529 869 633 a‘lote'riis'ensepts.
1115 558 1178 627 193

330 752 424 815 iliud.
443 752 558 815 saum.
578 752 644 832 uit,
665 751 750 833 quod
774 753 832 815 soii
855 753 947 814 Petro
975 751 1090 813 dietum
1111 746 1177 814 sse:

254 835 390 916 Sequere
417 856 483 914 rue,
520 836 687 917 interprete
710 835 909 917 theophilo,
936 837 977 898 sit
1005 833 1177 917 intelligen-
1298 834 1301 844 '

254 920 322 981 dum
344 939 411 982 non
436 918 531 981 modo
554 919 593 979 de
615 938 730 1000 genere
752 919 904 1000 martyrii,
939 918 994 980 sed
1016 925 1048 980 et
1069 918 1178 993 ordine

253 1004 434 1085 nrsgi‘sten‘i.
462 1001 552 1083 Nego
573 1001 800 1084 Theopnssum,
839 1021 907 1063 eum
930 1001 1012 1085 quod
1034 1002 1179 1084 Augusti-

253 1106 308 1147 nus
326 1086 443 1147 meiius
466 1084 605 1146 videatur
626 1086 740 1146 sentire
762 1085 868 1145 disens
889 1086 946 1146 sio:
970 1084 1107 1165 Sequere
1126 1104 1179 1147 sne

253 1169 438 1250 temporatia
458 1167 542 1229 maia
561 1167 756 1247 perferendo.
791 1168 832 1255 Et
853 1170 879 1229 si
901 1168 1092 1249 Augustinus
1114 1188 1178 1230 non

253 1252 387 1332 uiueret,
420 1253 490 1332 ipse
522 1257 625 1312 textus
662 1251 816 1333 evangelii
846 1253 1053 1312 oonvinoeret
1094 1251 1180 1313 Exiit

253 1338 334 1397 enirn
363 1352 468 1396 sermo
495 1334 576 1394 inter
604 1333 789 1414 disoipnlos,
817 1334 901 1414 ¹quod
933 1333 1104 1413 discipulus
1124 1334 1179 1395 ilie
1205 1352 1215 1374 ¹

254 1436 314 1480 non
336 1420 525 1496 moreretur,
553 1434 622 1477 eum
649 1416 810 1479 audissent
831 1416 985 1477 Christum
1008 1416 1177 1477 dieenteru:

253 1501 285 1563 si
304 1502 381 1563 rulo
403 1500 491 1560 ilium
512 1518 647 1578 manere,
670 1500 742 1580 qnid
765 1501 805 1560 ed
826 1500 878 1561 ts?
899 1500 944 1561 Tu
966 1518 1017 1561 me
1038 1516 1177 1579 sequere.

253 1584 325 1646 ldeo
346 1583 630 1644 manifestissimum
653 1589 715 1662 est,
737 1583 821 1663 quod
844 1582 884 1643 tie
905 1574 1020 1663 genere
1042 1583 1179 1662 martyrii

254 1674 285 1728 et
303 1666 463 1749 passionis
483 1666 616 1730 imitatio
637 1668 698 1726 ista
717 1665 920 1747 intelligendo
940 1668 988 1728 sit.
1237 1738 1243 1743 .

333 1749 439 1825 Quare
461 1767 521 1829 ego
543 1767 622 1829 rogo
645 1748 683 1809 D.
705 1749 742 1809 D.
766 1749 890 1810 amittat
909 1760 992 1810 nova
1013 1747 1177 1824 attonuere,
1218 1752 1223 1775 '

255 1841 286 1893 et
304 1833 488 1914 praesertim
512 1850 559 1910 ea,
581 1847 661 1911 quae
683 1850 746 1892 non
757 1832 875 1893 iseiunt
896 1831 936 1892 ad
957 1850 1033 1910 rem,
1055 1850 1125 1896 eum
1147 1836 1179 1891 et

165 1922 166 1932 i
254 1913 1179 2077 tristissumumtrusisti

1094 2058 1098 2067 ¹
1168 2042 1177 2076 i

253 2089 283 2142 et
302 2082 364 2143 Aet
385 2085 436 2146 15.
461 2081 596 2143 ieoobus
631 2098 806 2141 sermonem
838 2080 918 2141 Petri
936 2087 985 2141 -et
1016 2077 1176 2139 eonflrma·

254 2167 295 2226 vit
315 2172 348 2227 et
367 2165 508 2225 mutavit,
539 2163 601 2226 Sed
622 2163 706 2224 nolui
727 2162 807 2223 haee
833 2170 866 2225 et
887 2163 999 2223 similia
1019 2160 1178 2239 inducere,

254 2265 319 2308 eum
346 2246 525 2308 iamdudum
555 2248 761 2308 aonaesserim
788 2235 952 2327 primitium
973 2246 1101 2307 honoris
1122 2245 1177 2306 Pe

165 2334 166 2343 ’
253 2338 307 2410 tro,
330 2330 495 2410 uotumque
514 2331 694 2412 negaverim
715 2330 879 2410 primatum
900 2330 1063 2410 potestatis
1086 2344 1179 2410 super

254 2422 373 2477 eeteros
396 2413 568 2494 apostolos.
603 2414 689 2475 flueo
709 2420 758 2474 est
779 2414 861 2474 enim
882 2413 935 2473 illa
947 2413 1176 2493 personafimo

254 2505 284 2559 et
306 2499 459 2579 primatus
487 2497 630 2576 honoris,
661 2515 753 2576 qnam
782 2497 866 2558 Deus
895 2514 957 2556 non
979 2496 1123 2575 respiat,
1143 2495 1178 2554 nt
1212 2489 1218 2500 '

253 2581 393 2662 superius
414 2578 536 2658 induxi,
568 2598 631 2641 non
653 2588 755 2640 autem
783 2579 838 2640 ilia
859 2597 993 2660 persona
1014 2578 1177 2660 piseatoris

255 2671 283 2724 et
301 2664 504 2744 paupertatis,
525 2670 560 2723 nt
574 2663 764 2740 Ambrosius,
785 2662 938 2723 referente
958 2662 1103 2740 Doetore‚
1125 2679 1181 2720 exe

254 2747 365 2826 posuit.
389 2743 598 2826 Hieronymus
619 2747 701 2806 enim
723 2745 834 2805 meiius
855 2745 896 2806 de
917 2743 1082 2824 magnifiee
1104 2762 1176 2822 qna·

254 2829 340 2890 litate
361 2829 490 2889 Pontum
510 2829 744 2908 interpretetur,
765 2847 857 2908 quam
880 2825 1114 2908 pseudapostoli
1135 2824 1176 2886 ad

254 2908 391 2989 orlata,
414 2919 561 2991 tunquam
583 2911 623 2972 eb
645 2912 810 2973 autoritate
820 2911 910 2988 Petri,
932 2909 1176 2970 subverterevob

255 2995 385 3056 inerunt.
429 2993 503 3056 sum
524 2995 606 3055 euim
628 3000 793 3056 eonteutus
816 2995 950 3074 optime,
971 2991 1056 3071 quod
1078 2991 1115 3052 D.
1137 2989 1176 3054 Dr

255 3095 338 3138 susm
361 3078 607 3159 propositionem
629 3094 685 3158 per
705 3078 886 3138 autoritates
898 3074 1089 3154 Hieronymi,
1104 3073 1194 3134 sm:

256 3159 358 3239 brosii,
368 3160 528 3238 Bernurdt
547 3159 661 3222 Leonis
674 3159 877 3238 confirmavit,
899 3159 1065 3238 praeeipne
1085 3173 1179 3237 snper

256 3242 334 3304 tana
355 3244 571 3305 autoritatem:
593 3241 639 3304 Tu
663 3263 697 3305 er
718 3241 836 3320 Petrus,
853 3240 950 3306 modo
972 3259 1044 3302 mee
1056 3246 1177 3301 senten·

256 3327 303 3402 tia,
325 3331 361 3387 ut
382 3327 414 3386 tn
437 3325 694 3406 praeeedeutibns
715 3325 830 3386 dietum
844 3331 900 3402 eet,
922 3323 1039 3385 eisdem
1057 3330 1095 3384 'et
1114 3341 1176 3383 mu·

256 3408 368 3470 ioribns
397 3409 612 3470 autoritatibus
638 3417 670 3470 et
700 3410 800 3490 magis
833 3407 873 3468 ad
900 3407 1104 3468 intentionem
1132 3406 1177 3468 io-

256 3491 427 3570 quentibus,
449 3487 661 3553 eoniirmetior
682 3491 840 3564 habeatur,
862 3491 997 3552 reterens
1011 3489 1176 3570 haecque·

257 3592 312 3653 que
326 3575 373 3635 ad
396 3575 554 3655 tudinium,
575 3582 610 3635 ut
629 3581 732 3656 suprs.

632 3753 786 3820 lieoius.

335 3909 538 3974 Reverendus
570 3910 662 3972 Pater
688 3909 821 3973 reelndit
840 3910 933 3973 hodie
954 3910 1116 3985 sonuisse,
1145 3913 1177 3968 st

256 4013 306 4073 ea,
337 4014 417 4075 qnae
439 3993 525 4056 velut
545 3993 720 4056 samsona
741 4002 773 4056 et
794 3994 980 4056 emblemata
1000 3993 1030 4053 in
1049 3990 1178 4051 eonelu·

255 4078 341 4141 sione
361 4077 477 4142 adierit
504 4076 700 4157 eoroaidenr,
731 4077 899 4160 reperoutit
924 4081 959 4137 ut
983 4071 1175 4157 prineipuiia,
