3075 4775
346 538 389 608 ὦ
566 541 722 610 Disputatio
739 541 848 610 iiipsiea
864 541 956 595 habita
975 557 1000 596 a.
1020 538 1081 596 xlx

347 727 490 807 munseo,
512 728 683 808 st‘piarum
706 721 737 808 1)
760 727 880 788 sumam
903 726 1089 807 omnum
1120 729 1267 808 spaniam

349 815 382 874 in
410 829 623 892 quemuuuque
658 809 797 872 ordinem
824 810 981 892 redegerit
1010 811 1082 874 iilos
1110 811 1269 891 artieuins,

348 897 564 976 uon¹pussunt
598 893 661 954 diei
685 893 932 957 christianissimi
959 904 991 956 et
1011 895 1199 977 evangelioi,
1234 902 1270 956 et

347 981 487 1060 quamuis
506 997 572 1040 nou
590 979 811 1058 assumpserim
832 977 915 1040 huno
929 978 1068 1042 laborem
1081 978 1271 1046 defendendi

347 1070 445 1126 tutam
467 1061 620 1144 synodum
641 1062 673 1122 in
695 1061 893 1123 artieuiorum
917 1062 1192 1154 eundemnatioue²
1213 1061 1270 1124 do·

354 1165 476 1209 neamus
498 1153 600 1208 tamen
622 1144 747 1224 aliquid,
770 1151 802 1206 et
824 1145 999 1208 brevibus..

377 1249 389 1262 ⁰
409 1265 412 1272 ’
429 1259 599 1344 Articulum
620 1258 758 1346 primum
771 1252 888 1324 iudicet
909 1265 1093 1325 catholicum
1105 1279 1123 1344 ,¹
1144 1271 1175 1325 et
1197 1283 1267 1326 esse
1358 1257 1366 1264 ’

350 1348 513 1436 Augustini
536 1367 603 1428 nep.
627 1349 655 1411 6.
689 1366 782 1428 super
803 1347 914 1409 Johan.
932 1347 1034 1410 Dino:
1062 1348 1155 1408 Forte
1179 1366 1270 1409 reve·
1362 1397 1376 1420 Ι

348 1433 461 1495 rendus
483 1431 574 1494 Pater
595 1429 771 1511 benigniter
791 1432 1007 1511 interpretatur
1028 1431 1198 1510 articulum,
1212 1431 1269 1493 sed

349 1519 490 1597 quiores
512 1533 575 1575 non
598 1514 820 1592 sermoni,·sed
844 1533 945 1575 sermo
967 1517 1011 1576 rei
1033 1523 1080 1575 est
1102 1515 1270 1594 subiectus,

349 1619 411 1662 non
434 1600 553 1659 fuerunt
576 1597 688 1676 stupidi
712 1597 834 1658 eouoilii
857 1595 1044 1660 definitores.
1074 1597 1188 1658 Verum
1210 1605 1270 1678 est,
1292 1596 1296 1599 ’

347 1698 440 1743 uuam
463 1687 600 1742 sanctam
624 1687 654 1741 et
675 1681 880 1741 universalem
903 1700 973 1742 esse
995 1682 1177 1761 eeclesiam,
1214 1681 1270 1743 sed

371 1766 433 1828 uod
455 1766 632 1824 sitientum
654 1763 725 1842 una,
748 1765 827 1824 siout
847 1770 896 1824 est
915 1783 992 1825 nnus
1014 1785 1156 1825 numerus
1179 1784 1267 1845 prae

348 1785 570 1910 destinatorum
592 1847 630 1907 ad
653 1847 837 1914 Hussitieam
858 1847 1105 1930 intelligentiam,
1126 1856 1174 1910 est
1194 1849 1267 1911 irae·

348 1933 576 2008 nstioissimum‚
599 1949 661 2010 quo
676 1931 750 2011 ipse
770 1930 879 2008 voiuiu
902 1933 1070 1994 existentes
1091 1933 1122 1992 in
1138 1941 1270 2013 pensato

348 2017 491 2093 mortali,
528 2014 614 2075 uelut
635 2016 748 2076 emissa
768 2013 851 2092 fide,
888 2035 951 2075 nou
974 2032 1044 2076 osse
1071 2017 1102 2076 iu
1123 2015 1271 2096 ecelesia,

353 2117 420 2160 oum
444 2105 546 2162 tamen
563 2115 697 2176 regnum
721 2098 878 2158 coelorum
899 2119 919 2159 a
940 2098 1061 2160 Christo
1083 2101 1120 2176 *i
1145 2117 1273 2180 eompa-

350 2189 433 2244 retur
454 2182 561 2242 desem
585 2178 780 2263 Virginibus,
801 2181 852 2242 ubi
874 2183 1009 2262 quinque
1031 2190 1118 2243 erant
1137 2182 1272 2263 pruden-

346 2271 408 2346 tes,
430 2267 563 2345 quinque
585 2263 795 2344 verudatuee,
817 2283 886 2324 oum
905 2266 1031 2344 reliquis
1050 2265 1207 2347 parabolis
1228 2268 1272 2326 si

350 2349 420 2411 dem
457 2348 616 2430 proposito
643 2347 895 2411 deservientibus.
938 2349 1047 2431 Neque
1080 2349 1272 2431 Augustinus

348 2440 437 2495 traet.
459 2436 514 2498 26.-
540 2451 632 2513 super
652 2430 825 2493 Joheunem
859 2433 933 2493 iaoit
955 2435 1050 2495 iotam
1082 2433 1121 2493 ad
1143 2432 1270 2493 Hnssiti-

354 2534 422 2577 oum
445 2517 654 2597 propositum,
685 2516 935 2577 communionem
962 2517 1166 2577 eucharistias
1188 2520 1271 2578 eom-

350 2598 510 2683 mendsns,
532 2598 573 2659 de
595 2616 655 2678 quo
678 2596 803 2660 leotoris
817 2599 966 2660 desidero
989 2600 1146 2681 iudioium.

314 2756 320 2761 -
433 2716 478 2777 Ita
499 2714 537 2777 de
558 2716 619 2777 alio
640 2708 717 2777 'dicit
737 2717 883 2778 articulo:
905 2716 993 2779 Duee
1006 2725 1144 2797 naturae,
1165 2717 1272 2781 divina

353 2809 384 2864 et
404 2798 548 2879 humans,
571 2820 648 2861 unns
672 2807 719 2861 est
742 2800 889 2862 Christus.
911 2800 995 2883 Nihil
1015 2822 1072 2882 pro
1094 2799 1155 2862 hoo
1177 2801 1272 2863 addu-

345 2884 405 2968 μὴ,
421 2884 479 2963 nisi
502 2883 585 2963 quod
607 2884 646 2943 sit
668 2883 709 2957 de
731 2882 802 2944 fide.
832 2884 866 2943 ln
888 2883 1048 2968 Athanasii
1070 2885 1213 2965 symbolo
1236 2884 1269 2966 ²)

353 2966 440 3029 aliter
462 2966 601 3048 legimus,
615 2966 698 3027 Deus
721 2971 752 3026 et
772 2967 866 3028 homo
880 2987 957 3027 unus
977 2976 1025 3029 est
1039 2966 1186 3050 Christus,
1208 2989 1272 3031 uon

356 3051 454 3133 deitas
477 3057 508 3111 et
528 3048 710 3111 humanitas.
778 3124 785 3134 ,
1088 3057 1092 3063 ⁴

402 3198 404 3205 ,
433 3166 468 3227 ln
490 3168 550 3229 alio
573 3166 722 3229 articulo:
746 3166 858 3229 divisio
871 3167 1050 3230 immediata
1070 3176 1272 3249 operumeto.

353 3268 453 3330 quam
471 3252 539 3329 ipse
568 3252 643 3311 mire
665 3252 696 3311 in
719 3270 768 3311 me
796 3257 969 3329 retorquet,
997 3257 1033 3312 et
1068 3253 1154 3331 qnasi
1175 3272 1200 3312 a
1221 3274 1273 3316 me

348 3332 447 3394 iudex
467 3334 576 3413 uitetur
589 3352 680 3395 ,suurn
693 3334 846 3414 collegam
860 3333 1046 3396 exoiamavit
1056 3335 1272 3414 triumphasse.

354 3416 401 3477 De
421 3434 483 3495 quo
502 3434 561 3477 vos
581 3435 705 3494 omues,
740 3418 792 3495 qui
812 3416 1011 3497 intermistis,
1045 3420 1176 3497 potestis
1196 3418 1274 3481 dare

354 3500 573 3579 testimonium,
595 3518 685 3580 quem
708 3502 869 3561 verissime
882 3499 995 3561 dixerit
1014 3500 1201 3562 reverendus
1216 3503 1274 3564 eat

355 3589 411 3656 ter,
432 3588 465 3660 et
486 3584 661 3644 eunomium
683 3584 766 3663 prius
789 3578 902 3645 natiuit
923 3585 996 3645 ante
1016 3584 1177 3645 uietnria‘m
1200 3586 1273 3647 Vui-

356 3664 542 3745 tembsrgae‚
564 3666 626 3727 iam
649 3665 735 3761 aliud
754 3667 863 3744 etiam,
884 3668 971 3747 quasi
992 3665 1113 3747 perdita
1133 3668 1273 3734 viatoria.

359 3857 775 3881 ——q--u-w-m-ww———o-
807 3866 811 3876 .

393 3945 469 4012 l)1n
490 3944 785 4016 assissinorum.
821 3946 855 4015 ²)
875 3946 966 4000 ined.
987 3946 1070 4019 orig:
1093 3948 1126 3999 in
1152 3942 1274 4004 uuam-
1305 4006 1310 4018 ,

356 4020 435 4073 sinuo
454 4020 533 4074 aliter
552 4020 678 4089 legimus.
980 4021 989 4035 '
1163 4076 1167 4084 ,

393 4092 423 4159 ·)
444 4091 537 4147 Mati.
558 4091 604 4149 25.
