<?xml version="1.0" encoding="UTF-8"?>
<!DOCTYPE html PUBLIC "-//W3C//DTD XHTML 1.0 Transitional//EN"
    "http://www.w3.org/TR/xhtml1/DTD/xhtml1-transitional.dtd">
<html xmlns="http://www.w3.org/1999/xhtml" xml:lang="en" lang="en">
 <head>
  <title>
</title>
<meta http-equiv="Content-Type" content="text/html;charset=utf-8" />
  <meta name='ocr-system' content='tesseract 3.04.00' />
  <meta name='ocr-capabilities' content='ocr_page ocr_carea ocr_par ocr_line ocrx_word'/>
</head>
<body>
  <div class='ocr_page' id='page_1' title='image "./operalatinavari02schmgoog_0279.png"; bbox 0 0 3075 4775; ppageno 0'>
   <div class='ocr_carea' id='block_1_1' title="bbox 1129 300 1376 309">
    <p class='ocr_par' dir='ltr' id='par_1_1' title="bbox 1129 300 1376 309">
     <span class='ocr_line' id='line_1_1' title="bbox 1129 300 1376 309; baseline 0.004 -1"><span class='ocrx_word' id='word_1_1' title='bbox 1129 300 1376 309; x_wconf 45' lang='lat' dir='ltr'>--v--v—-q</span> 
     </span>
    </p>
   </div>
   <div class='ocr_carea' id='block_1_2' title="bbox 365 540 1171 645">
    <p class='ocr_par' dir='ltr' id='par_1_2' title="bbox 365 540 1171 645">
     <span class='ocr_line' id='line_1_2' title="bbox 365 540 1171 645; baseline -0.004 -45"><span class='ocrx_word' id='word_1_2' title='bbox 365 624 372 645; x_wconf 24' lang='lat' dir='ltr'>x</span> <span class='ocrx_word' id='word_1_3' title='bbox 459 547 518 601; x_wconf 79' lang='lat' dir='ltr'>suls</span> <span class='ocrx_word' id='word_1_4' title='bbox 536 545 644 615; x_wconf 82' lang='lat' dir='ltr'>lipsiae</span> <span class='ocrx_word' id='word_1_5' title='bbox 661 546 806 617; x_wconf 70' lang='lat' dir='ltr'>disputafis</span> <span class='ocrx_word' id='word_1_6' title='bbox 825 562 851 598; x_wconf 83' lang='lat' dir='ltr'>a.</span> <span class='ocrx_word' id='word_1_7' title='bbox 871 544 943 601; x_wconf 80' lang='lat' dir='ltr'>xix.</span> <span class='ocrx_word' id='word_1_8' title='bbox 1108 540 1171 609; x_wconf 78' lang='grc'>273</span> 
     </span>
    </p>
   </div>
   <div class='ocr_carea' id='block_1_3' title="bbox 162 731 1311 4143">
    <p class='ocr_par' dir='ltr' id='par_1_3' title="bbox 568 731 852 797">
     <span class='ocr_line' id='line_1_3' title="bbox 568 731 852 797; baseline 0 -2"><span class='ocrx_word' id='word_1_9' title='bbox 568 732 781 797; x_wconf 79' lang='lat' dir='ltr'>Conclusio</span> <span class='ocrx_word' id='word_1_10' title='bbox 800 731 852 795; x_wconf 88' lang='lat'>111.</span> 
     </span>
    </p>

    <p class='ocr_par' dir='ltr' id='par_1_4' title="bbox 269 816 1151 1145">
     <span class='ocr_line' id='line_1_4' title="bbox 333 816 1150 897; baseline -0.001 -19"><span class='ocrx_word' id='word_1_11' title='bbox 333 816 394 893; x_wconf 81' lang='lat' dir='ltr'>Qui</span> <span class='ocrx_word' id='word_1_12' title='bbox 416 836 494 897; x_wconf 88' lang='lat' dir='ltr'>opus</span> <span class='ocrx_word' id='word_1_13' title='bbox 516 816 630 878; x_wconf 91' lang='lat' dir='ltr'>bonum</span> <span class='ocrx_word' id='word_1_14' title='bbox 655 822 708 878; x_wconf 88' lang='lat' dir='ltr'>aut</span> <span class='ocrx_word' id='word_1_15' title='bbox 723 816 945 897; x_wconf 89' lang='lat' dir='ltr'>poenitentiam</span> <span class='ocrx_word' id='word_1_16' title='bbox 968 834 987 875; x_wconf 89' lang='lat' dir='ltr'>a</span> <span class='ocrx_word' id='word_1_17' title='bbox 1007 822 1150 897; x_wconf 82' lang='lat' dir='ltr'>peccato</span> 
     </span>
     <span class='ocr_line' id='line_1_5' title="bbox 269 899 1150 979; baseline -0.002 -18"><span class='ocrx_word' id='word_1_18' title='bbox 269 920 335 961; x_wconf 90' lang='lat' dir='ltr'>rum</span> <span class='ocrx_word' id='word_1_19' title='bbox 360 900 565 961; x_wconf 82' lang='lat' dir='ltr'>detestatione</span> <span class='ocrx_word' id='word_1_20' title='bbox 585 906 658 961; x_wconf 88' lang='lat' dir='ltr'>ante</span> <span class='ocrx_word' id='word_1_21' title='bbox 680 900 876 961; x_wconf 83' lang='lat' dir='ltr'>dilectionem</span> <span class='ocrx_word' id='word_1_22' title='bbox 892 899 1026 959; x_wconf 86' lang='lat' dir='ltr'>iustitiae</span> <span class='ocrx_word' id='word_1_23' title='bbox 1047 899 1150 979; x_wconf 82' lang='lat' dir='ltr'>incipi,</span> 
     </span>
     <span class='ocr_line' id='line_1_6' title="bbox 270 981 1151 1063; baseline -0.001 -19"><span class='ocrx_word' id='word_1_24' title='bbox 270 1002 329 1045; x_wconf 86' lang='lat' dir='ltr'>nec</span> <span class='ocrx_word' id='word_1_25' title='bbox 350 985 381 1044; x_wconf 93' lang='lat' dir='ltr'>in</span> <span class='ocrx_word' id='word_1_26' title='bbox 405 1002 444 1045; x_wconf 93' lang='lat' dir='ltr'>eo</span> <span class='ocrx_word' id='word_1_27' title='bbox 465 984 588 1063; x_wconf 76' lang='lat' dir='ltr'>peccari</span> <span class='ocrx_word' id='word_1_28' title='bbox 609 985 732 1063; x_wconf 88' lang='lat' dir='ltr'>asserit,</span> <span class='ocrx_word' id='word_1_29' title='bbox 759 983 842 1044; x_wconf 88' lang='lat' dir='ltr'>huuc</span> <span class='ocrx_word' id='word_1_30' title='bbox 866 983 946 1043; x_wconf 85' lang='lat' dir='ltr'>inter</span> <span class='ocrx_word' id='word_1_31' title='bbox 966 981 1151 1062; x_wconf 72' lang='lat' dir='ltr'>Pelagianos</span> 
     </span>
     <span class='ocr_line' id='line_1_7' title="bbox 269 1066 1150 1145; baseline -0.003 -18"><span class='ocrx_word' id='word_1_32' title='bbox 269 1066 444 1129; x_wconf 86' lang='lat' dir='ltr'>haereticos</span> <span class='ocrx_word' id='word_1_33' title='bbox 465 1084 669 1145; x_wconf 72' lang='lat' dir='ltr'><strong>numeramus,</strong></span> <span class='ocrx_word' id='word_1_34' title='bbox 691 1066 746 1127; x_wconf 91' lang='lat' dir='ltr'>sed</span> <span class='ocrx_word' id='word_1_35' title='bbox 768 1071 919 1127; x_wconf 88' lang='lat' dir='ltr'>etcontra</span> <span class='ocrx_word' id='word_1_36' title='bbox 930 1083 1150 1125; x_wconf 88' lang='lat' dir='ltr'>sacrumsuum</span> 
     </span>
    </p>

    <p class='ocr_par' dir='ltr' id='par_1_5' title="bbox 247 1148 1147 1231">
     <span class='ocr_line' id='line_1_8' title="bbox 247 1148 1147 1231; baseline -0.003 -20"><span class='ocrx_word' id='word_1_37' title='bbox 247 1150 468 1211; x_wconf 57' lang='lat' dir='ltr'>‘Aristotelem</span> <span class='ocrx_word' id='word_1_38' title='bbox 492 1149 632 1229; x_wconf 79' lang='lat' dir='ltr'>desipere</span> <span class='ocrx_word' id='word_1_39' title='bbox 652 1148 829 1231; x_wconf 86' lang='lat' dir='ltr'>probamus.</span> <span class='ocrx_word' id='word_1_40' title='bbox 869 1210 877 1223; x_wconf 51' lang='grc'><strong>,</strong></span> <span class='ocrx_word' id='word_1_41' title='bbox 1143 1161 1147 1172; x_wconf 82' lang='grc'><strong>“</strong></span> 
     </span>
    </p>

    <p class='ocr_par' dir='ltr' id='par_1_6' title="bbox 251 1228 1311 2229">
     <span class='ocr_line' id='line_1_9' title="bbox 333 1228 1171 1313; baseline -0.005 -18"><span class='ocrx_word' id='word_1_42' title='bbox 333 1233 399 1296; x_wconf 87' lang='lat' dir='ltr'>Ista</span> <span class='ocrx_word' id='word_1_43' title='bbox 421 1233 578 1294; x_wconf 76' lang='lat' dir='ltr'>conclusio</span> <span class='ocrx_word' id='word_1_44' title='bbox 592 1252 631 1294; x_wconf 88' lang='lat' dir='ltr'>ex</span> <span class='ocrx_word' id='word_1_45' title='bbox 648 1230 903 1313; x_wconf 79' lang='lat' dir='ltr'>praecedentibus</span> <span class='ocrx_word' id='word_1_46' title='bbox 914 1230 1042 1291; x_wconf 83' lang='lat' dir='ltr'>firmiter</span> <span class='ocrx_word' id='word_1_47' title='bbox 1062 1228 1171 1311; x_wconf 89' lang='lat' dir='ltr'>proba·</span> 
     </span>
     <span class='ocr_line' id='line_1_10' title="bbox 251 1312 1171 1396; baseline -0.004 -20"><span class='ocrx_word' id='word_1_48' title='bbox 251 1320 308 1378; x_wconf 69' lang='lat' dir='ltr'>tur.</span> <span class='ocrx_word' id='word_1_49' title='bbox 352 1315 384 1379; x_wconf 83' lang='lat' dir='ltr'>si</span> <span class='ocrx_word' id='word_1_50' title='bbox 407 1316 487 1377; x_wconf 90' lang='lat' dir='ltr'>enim</span> <span class='ocrx_word' id='word_1_51' title='bbox 511 1335 615 1377; x_wconf 88' lang='lat' dir='ltr'>verum</span> <span class='ocrx_word' id='word_1_52' title='bbox 633 1316 690 1396; x_wconf 79' lang='lat' dir='ltr'>est,</span> <span class='ocrx_word' id='word_1_53' title='bbox 711 1315 792 1377; x_wconf 89' lang='lat' dir='ltr'>adeo</span> <span class='ocrx_word' id='word_1_54' title='bbox 818 1314 935 1375; x_wconf 89' lang='lat' dir='ltr'>nullum</span> <span class='ocrx_word' id='word_1_55' title='bbox 957 1334 1035 1394; x_wconf 87' lang='lat' dir='ltr'>opus</span> <span class='ocrx_word' id='word_1_56' title='bbox 1057 1312 1171 1374; x_wconf 91' lang='lat' dir='ltr'>bonnm</span> 
     </span>
     <span class='ocr_line' id='line_1_11' title="bbox 251 1394 1170 1481; baseline -0.004 -21"><span class='ocrx_word' id='word_1_57' title='bbox 251 1406 322 1460; x_wconf 87' lang='lat' dir='ltr'>ante</span> <span class='ocrx_word' id='word_1_58' title='bbox 339 1394 470 1481; x_wconf 83' lang='lat' dir='ltr'>gratiam</span> <span class='ocrx_word' id='word_1_59' title='bbox 485 1397 551 1459; x_wconf 87' lang='lat' dir='ltr'>fleri</span> <span class='ocrx_word' id='word_1_60' title='bbox 561 1406 720 1479; x_wconf 73' lang='lat' dir='ltr'>poeee,0nt</span> <span class='ocrx_word' id='word_1_61' title='bbox 736 1417 797 1460; x_wconf 88' lang='lat' dir='ltr'>neo</span> <span class='ocrx_word' id='word_1_62' title='bbox 807 1400 839 1459; x_wconf 93' lang='lat' dir='ltr'>in</span> <span class='ocrx_word' id='word_1_63' title='bbox 850 1399 949 1479; x_wconf 85' lang='lat' dir='ltr'>gratia</span> <span class='ocrx_word' id='word_1_64' title='bbox 958 1416 1034 1478; x_wconf 89' lang='lat' dir='ltr'>pure</span> <span class='ocrx_word' id='word_1_65' title='bbox 1055 1397 1170 1458; x_wconf 89' lang='lat' dir='ltr'>bonum</span> 
     </span>
     <span class='ocr_line' id='line_1_12' title="bbox 251 1479 1311 1563; baseline -0.006 -20"><span class='ocrx_word' id='word_1_66' title='bbox 251 1481 317 1560; x_wconf 82' lang='lat' dir='ltr'>fiat,</span> <span class='ocrx_word' id='word_1_67' title='bbox 357 1483 548 1563; x_wconf 87' lang='lat' dir='ltr'>poenitentis</span> <span class='ocrx_word' id='word_1_68' title='bbox 581 1490 684 1543; x_wconf 90' lang='lat' dir='ltr'>autem</span> <span class='ocrx_word' id='word_1_69' title='bbox 716 1481 832 1544; x_wconf 90' lang='lat' dir='ltr'>bouum</span> <span class='ocrx_word' id='word_1_70' title='bbox 851 1501 934 1561; x_wconf 87' lang='lat' dir='ltr'>opus</span> <span class='ocrx_word' id='word_1_71' title='bbox 956 1482 1097 1541; x_wconf 90' lang='lat' dir='ltr'>nimirum</span> <span class='ocrx_word' id='word_1_72' title='bbox 1122 1480 1171 1558; x_wconf 84' lang='lat' dir='ltr'>ait,</span> <span class='ocrx_word' id='word_1_73' title='bbox 1203 1524 1210 1539; x_wconf 88' lang='lat'>.</span> <span class='ocrx_word' id='word_1_74' title='bbox 1308 1479 1311 1484; x_wconf 55' lang='lat'><strong>⁴</strong></span> 
     </span>
     <span class='ocr_line' id='line_1_13' title="bbox 253 1561 1174 1646; baseline -0.003 -19"><span class='ocrx_word' id='word_1_75' title='bbox 253 1582 384 1627; x_wconf 89' lang='lat' dir='ltr'>neeesse</span> <span class='ocrx_word' id='word_1_76' title='bbox 406 1573 454 1625; x_wconf 91' lang='lat' dir='ltr'>est</span> <span class='ocrx_word' id='word_1_77' title='bbox 475 1584 542 1626; x_wconf 89' lang='lat' dir='ltr'>eam</span> <span class='ocrx_word' id='word_1_78' title='bbox 572 1566 670 1645; x_wconf 85' lang='lat' dir='ltr'>gratia</span> <span class='ocrx_word' id='word_1_79' title='bbox 697 1566 917 1646; x_wconf 78' lang='lat' dir='ltr'>praeveniente</span> <span class='ocrx_word' id='word_1_80' title='bbox 937 1564 1086 1625; x_wconf 88' lang='lat' dir='ltr'>inchoari.</span> <span class='ocrx_word' id='word_1_81' title='bbox 1126 1561 1174 1624; x_wconf 81' lang='lat' dir='ltr'>De</span> 
     </span>
     <span class='ocr_line' id='line_1_14' title="bbox 254 1648 1174 1729; baseline -0.004 -19"><span class='ocrx_word' id='word_1_82' title='bbox 254 1649 446 1729; x_wconf 84' lang='lat' dir='ltr'>poenitentia</span> <span class='ocrx_word' id='word_1_83' title='bbox 468 1649 548 1708; x_wconf 90' lang='lat' dir='ltr'>enim</span> <span class='ocrx_word' id='word_1_84' title='bbox 571 1648 697 1709; x_wconf 87' lang='lat' dir='ltr'>salutari</span> <span class='ocrx_word' id='word_1_85' title='bbox 723 1648 889 1728; x_wconf 87' lang='lat' dir='ltr'>loquimur,</span> <span class='ocrx_word' id='word_1_86' title='bbox 923 1665 988 1723; x_wconf 85' lang='lat' dir='ltr'>nou</span> <span class='ocrx_word' id='word_1_87' title='bbox 1009 1648 1047 1707; x_wconf 89' lang='lat' dir='ltr'>de</span> <span class='ocrx_word' id='word_1_88' title='bbox 1068 1648 1174 1728; x_wconf 90' lang='lat' dir='ltr'>poeni-</span> 
     </span>
     <span class='ocr_line' id='line_1_15' title="bbox 253 1730 1174 1811; baseline -0.002 -19"><span class='ocrx_word' id='word_1_89' title='bbox 253 1733 350 1793; x_wconf 77' lang='lat' dir='ltr'>tentia</span> <span class='ocrx_word' id='word_1_90' title='bbox 371 1730 485 1808; x_wconf 86' lang='lat' dir='ltr'>Judae,</span> <span class='ocrx_word' id='word_1_91' title='bbox 515 1737 568 1791; x_wconf 87' lang='lat' dir='ltr'>aut</span> <span class='ocrx_word' id='word_1_92' title='bbox 588 1730 812 1793; x_wconf 85' lang='lat' dir='ltr'>damnatorum.</span> <span class='ocrx_word' id='word_1_93' title='bbox 854 1731 911 1791; x_wconf 73' lang='lat' dir='ltr'>usu</span> <span class='ocrx_word' id='word_1_94' title='bbox 931 1749 1005 1811; x_wconf 87' lang='lat' dir='ltr'>ergo</span> <span class='ocrx_word' id='word_1_95' title='bbox 1028 1748 1174 1810; x_wconf 82' lang='lat' dir='ltr'>expresse</span> 
     </span>
     <span class='ocr_line' id='line_1_16' title="bbox 255 1813 1173 1897; baseline -0.002 -22"><span class='ocrx_word' id='word_1_96' title='bbox 255 1815 394 1877; x_wconf 75' lang='lat' dir='ltr'>haeresia</span> <span class='ocrx_word' id='word_1_97' title='bbox 416 1814 583 1895; x_wconf 86' lang='lat' dir='ltr'>Pelagians</span> <span class='ocrx_word' id='word_1_98' title='bbox 605 1814 723 1891; x_wconf 86' lang='lat' dir='ltr'>dicere,</span> <span class='ocrx_word' id='word_1_99' title='bbox 745 1815 967 1897; x_wconf 88' lang='lat' dir='ltr'>poenitentiam</span> <span class='ocrx_word' id='word_1_100' title='bbox 989 1823 1061 1874; x_wconf 90' lang='lat' dir='ltr'>ante</span> <span class='ocrx_word' id='word_1_101' title='bbox 1083 1813 1173 1873; x_wconf 83' lang='lat' dir='ltr'>dilec</span> 
     </span>
     <span class='ocr_line' id='line_1_17' title="bbox 253 1896 1173 1979; baseline -0.002 -20"><span class='ocrx_word' id='word_1_102' title='bbox 253 1899 370 1959; x_wconf 87' lang='lat' dir='ltr'>tionem</span> <span class='ocrx_word' id='word_1_103' title='bbox 383 1898 517 1959; x_wconf 88' lang='lat' dir='ltr'>iustitiae</span> <span class='ocrx_word' id='word_1_104' title='bbox 529 1898 631 1979; x_wconf 92' lang='lat' dir='ltr'>incipi.</span> <span class='ocrx_word' id='word_1_105' title='bbox 661 1898 794 1959; x_wconf 86' lang='lat' dir='ltr'>Dilectio</span> <span class='ocrx_word' id='word_1_106' title='bbox 807 1906 908 1958; x_wconf 86' lang='lat' dir='ltr'>autem</span> <span class='ocrx_word' id='word_1_107' title='bbox 924 1896 1057 1956; x_wconf 89' lang='lat' dir='ltr'>iustitiae</span> <span class='ocrx_word' id='word_1_108' title='bbox 1074 1897 1173 1976; x_wconf 83' lang='lat' dir='ltr'>gratia</span> 
     </span>
     <span class='ocr_line' id='line_1_18' title="bbox 252 1979 1174 2060; baseline -0.002 -19"><span class='ocrx_word' id='word_1_109' title='bbox 252 1981 308 2042; x_wconf 87' lang='lat' dir='ltr'>Dei</span> <span class='ocrx_word' id='word_1_110' title='bbox 331 1988 395 2055; x_wconf 83' lang='lat' dir='ltr'>eat,</span> <span class='ocrx_word' id='word_1_111' title='bbox 426 2000 487 2041; x_wconf 93' lang='lat' dir='ltr'>uon</span> <span class='ocrx_word' id='word_1_112' title='bbox 511 1987 629 2043; x_wconf 85' lang='lat' dir='ltr'>natura.</span> <span class='ocrx_word' id='word_1_113' title='bbox 671 1981 786 2042; x_wconf 86' lang='lat' dir='ltr'>Verum</span> <span class='ocrx_word' id='word_1_114' title='bbox 808 1988 841 2041; x_wconf 90' lang='lat' dir='ltr'>ut</span> <span class='ocrx_word' id='word_1_115' title='bbox 860 1980 1014 2041; x_wconf 82' lang='lat' dir='ltr'>Eccianae</span> <span class='ocrx_word' id='word_1_116' title='bbox 1035 1979 1174 2060; x_wconf 90' lang='lat' dir='ltr'>proposi·</span> 
     </span>
     <span class='ocr_line' id='line_1_19' title="bbox 252 2059 1172 2149; baseline -0.004 -24"><span class='ocrx_word' id='word_1_117' title='bbox 252 2065 348 2126; x_wconf 89' lang='lat' dir='ltr'>tionis</span> <span class='ocrx_word' id='word_1_118' title='bbox 371 2064 561 2144; x_wconf 74' lang='lat' dir='ltr'>impietatem</span> <span class='ocrx_word' id='word_1_119' title='bbox 583 2062 773 2126; x_wconf 86' lang='lat' dir='ltr'>manifestius</span> <span class='ocrx_word' id='word_1_120' title='bbox 795 2063 969 2142; x_wconf 82' lang='lat' dir='ltr'>videamus,</span> <span class='ocrx_word' id='word_1_121' title='bbox 996 2082 1060 2123; x_wconf 88' lang='lat' dir='ltr'>rem</span> <span class='ocrx_word' id='word_1_122' title='bbox 1078 2059 1172 2149; x_wconf 82' lang='lat' dir='ltr'>paulo</span> 
     </span>
     <span class='ocr_line' id='line_1_20' title="bbox 253 2146 928 2229; baseline -0.001 -22"><span class='ocrx_word' id='word_1_123' title='bbox 253 2147 345 2209; x_wconf 90' lang='lat' dir='ltr'>altius</span> <span class='ocrx_word' id='word_1_124' title='bbox 359 2146 557 2229; x_wconf 86' lang='lat' dir='ltr'>incipiamus.</span> <span class='ocrx_word' id='word_1_125' title='bbox 656 2154 669 2181; x_wconf 79' lang='lat'><em>⁴</em></span> <span class='ocrx_word' id='word_1_126' title='bbox 923 2215 928 2225; x_wconf 74' lang='lat'>.</span> 
     </span>
    </p>

    <p class='ocr_par' dir='ltr' id='par_1_7' title="bbox 252 2228 1173 2724">
     <span class='ocr_line' id='line_1_21' title="bbox 336 2228 1173 2312; baseline -0.002 -21"><span class='ocrx_word' id='word_1_127' title='bbox 336 2230 435 2291; x_wconf 90' lang='lat' dir='ltr'>Doeui</span> <span class='ocrx_word' id='word_1_128' title='bbox 466 2248 524 2312; x_wconf 86' lang='lat' dir='ltr'>ego</span> <span class='ocrx_word' id='word_1_129' title='bbox 558 2230 589 2290; x_wconf 91' lang='lat' dir='ltr'>in</span> <span class='ocrx_word' id='word_1_130' title='bbox 612 2230 865 2293; x_wconf 85' lang='lat' dir='ltr'>Resolutionibus</span> <span class='ocrx_word' id='word_1_131' title='bbox 898 2236 930 2291; x_wconf 90' lang='lat' dir='ltr'>et</span> <span class='ocrx_word' id='word_1_132' title='bbox 950 2228 1098 2291; x_wconf 77' lang='lat' dir='ltr'>Sermone</span> <span class='ocrx_word' id='word_1_133' title='bbox 1134 2228 1173 2289; x_wconf 88' lang='lat' dir='ltr'>de</span> 
     </span>
     <span class='ocr_line' id='line_1_22' title="bbox 253 2313 1172 2395; baseline -0.003 -19"><span class='ocrx_word' id='word_1_134' title='bbox 253 2314 459 2395; x_wconf 88' lang='lat' dir='ltr'>poenitentia,</span> <span class='ocrx_word' id='word_1_135' title='bbox 478 2320 675 2394; x_wconf 86' lang='lat' dir='ltr'>peccatorum</span> <span class='ocrx_word' id='word_1_136' title='bbox 689 2313 936 2376; x_wconf 84' lang='lat' dir='ltr'>recordationem</span> <span class='ocrx_word' id='word_1_137' title='bbox 955 2318 1172 2375; x_wconf 86' lang='lat' dir='ltr'>auteamorem</span> 
     </span>
     <span class='ocr_line' id='line_1_23' title="bbox 253 2397 1172 2474; baseline -0.001 -16"><span class='ocrx_word' id='word_1_138' title='bbox 253 2399 390 2459; x_wconf 87' lang='lat' dir='ltr'>iustitiae</span> <span class='ocrx_word' id='word_1_139' title='bbox 411 2398 524 2458; x_wconf 90' lang='lat' dir='ltr'>nemini</span> <span class='ocrx_word' id='word_1_140' title='bbox 548 2417 617 2458; x_wconf 85' lang='lat' dir='ltr'>esee</span> <span class='ocrx_word' id='word_1_141' title='bbox 639 2398 821 2474; x_wconf 85' lang='lat' dir='ltr'>salutarem,</span> <span class='ocrx_word' id='word_1_142' title='bbox 843 2397 898 2458; x_wconf 87' lang='lat' dir='ltr'>sed</span> <span class='ocrx_word' id='word_1_143' title='bbox 920 2399 1056 2460; x_wconf 85' lang='lat' dir='ltr'>noxiam.</span> <span class='ocrx_word' id='word_1_144' title='bbox 1096 2397 1172 2458; x_wconf 89' lang='lat' dir='ltr'>Ideo</span> 
     </span>
     <span class='ocr_line' id='line_1_24' title="bbox 253 2481 1171 2561; baseline -0.002 -19"><span class='ocrx_word' id='word_1_145' title='bbox 253 2482 387 2561; x_wconf 90' lang='lat' dir='ltr'>primum</span> <span class='ocrx_word' id='word_1_146' title='bbox 408 2481 591 2558; x_wconf 86' lang='lat' dir='ltr'>conandum,</span> <span class='ocrx_word' id='word_1_147' title='bbox 614 2488 647 2541; x_wconf 92' lang='lat' dir='ltr'>ut</span> <span class='ocrx_word' id='word_1_148' title='bbox 667 2482 784 2542; x_wconf 87' lang='lat' dir='ltr'>iustitia</span> <span class='ocrx_word' id='word_1_149' title='bbox 805 2481 958 2560; x_wconf 84' lang='lat' dir='ltr'>diligatur,</span> <span class='ocrx_word' id='word_1_150' title='bbox 980 2490 1042 2540; x_wconf 89' lang='lat' dir='ltr'>tum</span> <span class='ocrx_word' id='word_1_151' title='bbox 1064 2496 1171 2542; x_wconf 87' lang='lat' dir='ltr'>amore</span> 
     </span>
     <span class='ocr_line' id='line_1_25' title="bbox 252 2562 1173 2644; baseline -0.002 -20"><span class='ocrx_word' id='word_1_152' title='bbox 252 2565 388 2625; x_wconf 87' lang='lat' dir='ltr'>iustitiae</span> <span class='ocrx_word' id='word_1_153' title='bbox 410 2570 539 2644; x_wconf 88' lang='lat' dir='ltr'>peccata</span> <span class='ocrx_word' id='word_1_154' title='bbox 560 2564 760 2626; x_wconf 88' lang='lat' dir='ltr'>detestentur.</span> <span class='ocrx_word' id='word_1_155' title='bbox 804 2563 903 2638; x_wconf 81' lang='lat' dir='ltr'>Quam</span> <span class='ocrx_word' id='word_1_156' title='bbox 926 2562 1096 2624; x_wconf 85' lang='lat' dir='ltr'>doctrinam</span> <span class='ocrx_word' id='word_1_157' title='bbox 1117 2563 1173 2622; x_wconf 84' lang='lat' dir='ltr'>Ec·</span> 
     </span>
     <span class='ocr_line' id='line_1_26' title="bbox 254 2645 1173 2724; baseline -0.002 -17"><span class='ocrx_word' id='word_1_158' title='bbox 254 2649 346 2708; x_wconf 84' lang='lat' dir='ltr'>ciana</span> <span class='ocrx_word' id='word_1_159' title='bbox 367 2646 519 2708; x_wconf 88' lang='lat' dir='ltr'>modestia</span> <span class='ocrx_word' id='word_1_160' title='bbox 541 2665 604 2708; x_wconf 92' lang='lat' dir='ltr'>non</span> <span class='ocrx_word' id='word_1_161' title='bbox 625 2648 814 2708; x_wconf 87' lang='lat' dir='ltr'>haereticam</span> <span class='ocrx_word' id='word_1_162' title='bbox 842 2645 964 2724; x_wconf 64' lang='lat' dir='ltr'>quidem</span> <span class='ocrx_word' id='word_1_163' title='bbox 993 2647 1173 2723; x_wconf 86' lang='lat' dir='ltr'>nominavit,</span> 
     </span>
    </p>

    <p class='ocr_par' dir='ltr' id='par_1_8' title="bbox 162 2729 1282 3061">
     <span class='ocr_line' id='line_1_27' title="bbox 162 2729 1282 2818; baseline -0.003 -28"><span class='ocrx_word' id='word_1_164' title='bbox 162 2749 164 2764; x_wconf 68' lang='grc'>’</span> <span class='ocrx_word' id='word_1_165' title='bbox 254 2730 308 2791; x_wconf 89' lang='lat' dir='ltr'>sed</span> <span class='ocrx_word' id='word_1_166' title='bbox 345 2729 508 2810; x_wconf 80' lang='lat' dir='ltr'>evangelio</span> <span class='ocrx_word' id='word_1_167' title='bbox 542 2739 573 2791; x_wconf 92' lang='lat' dir='ltr'>et</span> <span class='ocrx_word' id='word_1_168' title='bbox 594 2729 630 2818; x_wconf 75' lang='lat' dir='ltr'>S,</span> <span class='ocrx_word' id='word_1_169' title='bbox 646 2731 786 2791; x_wconf 86' lang='lat' dir='ltr'>Patribus</span> <span class='ocrx_word' id='word_1_170' title='bbox 822 2729 1005 2789; x_wconf 89' lang='lat' dir='ltr'>contrariam</span> <span class='ocrx_word' id='word_1_171' title='bbox 1035 2729 1173 2790; x_wconf 87' lang='lat' dir='ltr'>asseruit.</span> <span class='ocrx_word' id='word_1_172' title='bbox 1275 2784 1282 2796; x_wconf 81' lang='grc'><em>,</em></span> 
     </span>
     <span class='ocr_line' id='line_1_28' title="bbox 253 2811 1172 2893; baseline -0.001 -20"><span class='ocrx_word' id='word_1_173' title='bbox 253 2811 328 2874; x_wconf 88' lang='lat' dir='ltr'>Ideo</span> <span class='ocrx_word' id='word_1_174' title='bbox 353 2811 517 2893; x_wconf 84' lang='lat' dir='ltr'>magnifico</span> <span class='ocrx_word' id='word_1_175' title='bbox 540 2814 629 2874; x_wconf 91' lang='lat' dir='ltr'>titulo</span> <span class='ocrx_word' id='word_1_176' title='bbox 656 2815 720 2873; x_wconf 85' lang='lat' dir='ltr'>suis</span> <span class='ocrx_word' id='word_1_177' title='bbox 741 2812 1007 2893; x_wconf 88' lang='lat' dir='ltr'>Propositionihns</span> <span class='ocrx_word' id='word_1_178' title='bbox 1034 2811 1172 2893; x_wconf 78' lang='lat' dir='ltr'>prastino</span> 
     </span>
     <span class='ocr_line' id='line_1_29' title="bbox 254 2893 1173 2976; baseline -0.004 -17"><span class='ocrx_word' id='word_1_179' title='bbox 254 2903 365 2959; x_wconf 86' lang='lat' dir='ltr'>eontra</span> <span class='ocrx_word' id='word_1_180' title='bbox 386 2913 497 2957; x_wconf 84' lang='lat' dir='ltr'>novam</span> <span class='ocrx_word' id='word_1_181' title='bbox 534 2896 705 2961; x_wconf 83' lang='lat' dir='ltr'>doctrinam</span> <span class='ocrx_word' id='word_1_182' title='bbox 730 2895 857 2976; x_wconf 86' lang='lat' dir='ltr'>(eadem</span> <span class='ocrx_word' id='word_1_183' title='bbox 880 2895 1050 2975; x_wconf 75' lang='lat' dir='ltr'>modestia)</span> <span class='ocrx_word' id='word_1_184' title='bbox 1075 2914 1109 2956; x_wconf 90' lang='lat' dir='ltr'>se</span> <span class='ocrx_word' id='word_1_185' title='bbox 1131 2893 1173 2954; x_wconf 91' lang='lat' dir='ltr'>di-</span> 
     </span>
     <span class='ocr_line' id='line_1_30' title="bbox 254 2978 1184 3061; baseline -0.003 -20"><span class='ocrx_word' id='word_1_186' title='bbox 254 2985 444 3061; x_wconf 89' lang='lat' dir='ltr'>sputaturum</span> <span class='ocrx_word' id='word_1_187' title='bbox 467 2978 667 3044; x_wconf 83' lang='lat' dir='ltr'>ebuccinavit</span> <span class='ocrx_word' id='word_1_188' title='bbox 1181 2990 1184 2995; x_wconf 87' lang='lat'>&#39;</span> 
     </span>
    </p>

    <p class='ocr_par' dir='ltr' id='par_1_9' title="bbox 337 3061 1173 3145">
     <span class='ocr_line' id='line_1_31' title="bbox 337 3061 1173 3145; baseline -0.001 -22"><span class='ocrx_word' id='word_1_189' title='bbox 337 3064 417 3144; x_wconf 79' lang='lat' dir='ltr'>Age,</span> <span class='ocrx_word' id='word_1_190' title='bbox 438 3063 563 3124; x_wconf 89' lang='lat' dir='ltr'>Paulum</span> <span class='ocrx_word' id='word_1_191' title='bbox 576 3061 751 3145; x_wconf 87' lang='lat' dir='ltr'>apostolum</span> <span class='ocrx_word' id='word_1_192' title='bbox 774 3062 942 3142; x_wconf 87' lang='lat' dir='ltr'>rideamus,</span> <span class='ocrx_word' id='word_1_193' title='bbox 963 3062 1016 3141; x_wconf 87' lang='lat' dir='ltr'>qui</span> <span class='ocrx_word' id='word_1_194' title='bbox 1031 3061 1120 3122; x_wconf 84' lang='lat' dir='ltr'>Rom.</span> <span class='ocrx_word' id='word_1_195' title='bbox 1143 3061 1173 3124; x_wconf 78' lang='lat' dir='ltr'>t.</span> 
     </span>
    </p>

    <p class='ocr_par' dir='ltr' id='par_1_10' title="bbox 162 3143 1251 3892">
     <span class='ocr_line' id='line_1_32' title="bbox 162 3143 1173 3228; baseline -0.004 -21"><span class='ocrx_word' id='word_1_196' title='bbox 162 3175 164 3186; x_wconf 76' lang='lat'>=</span> <span class='ocrx_word' id='word_1_197' title='bbox 207 3205 210 3211; x_wconf 90' lang='grc'>,</span> <span class='ocrx_word' id='word_1_198' title='bbox 255 3145 347 3207; x_wconf 76' lang='lat' dir='ltr'>dicit:</span> <span class='ocrx_word' id='word_1_199' title='bbox 382 3145 445 3206; x_wconf 87' lang='lat' dir='ltr'>Lex</span> <span class='ocrx_word' id='word_1_200' title='bbox 476 3148 552 3207; x_wconf 89' lang='lat' dir='ltr'>iram</span> <span class='ocrx_word' id='word_1_201' title='bbox 575 3153 734 3228; x_wconf 87' lang='lat' dir='ltr'>operatur,</span> <span class='ocrx_word' id='word_1_202' title='bbox 769 3145 820 3206; x_wconf 91' lang='lat' dir='ltr'>ubi</span> <span class='ocrx_word' id='word_1_203' title='bbox 856 3148 936 3206; x_wconf 89' lang='lat' dir='ltr'>enirn</span> <span class='ocrx_word' id='word_1_204' title='bbox 959 3164 1021 3205; x_wconf 90' lang='lat' dir='ltr'>non</span> <span class='ocrx_word' id='word_1_205' title='bbox 1044 3150 1093 3205; x_wconf 86' lang='lat' dir='ltr'>est</span> <span class='ocrx_word' id='word_1_206' title='bbox 1112 3143 1173 3223; x_wconf 84' lang='lat' dir='ltr'>lex,</span> 
     </span>
     <span class='ocr_line' id='line_1_33' title="bbox 255 3220 1173 3310; baseline -0.003 -20"><span class='ocrx_word' id='word_1_207' title='bbox 255 3229 313 3290; x_wconf 84' lang='lat' dir='ltr'>nec</span> <span class='ocrx_word' id='word_1_208' title='bbox 334 3230 574 3310; x_wconf 77' lang='lat' dir='ltr'>praevaricatio,</span> <span class='ocrx_word' id='word_1_209' title='bbox 605 3236 636 3290; x_wconf 93' lang='lat' dir='ltr'>et</span> <span class='ocrx_word' id='word_1_210' title='bbox 656 3236 691 3294; x_wconf 81' lang='lat'>5:</span> <span class='ocrx_word' id='word_1_211' title='bbox 713 3227 778 3290; x_wconf 86' lang='lat' dir='ltr'>Lex</span> <span class='ocrx_word' id='word_1_212' title='bbox 799 3220 995 3307; x_wconf 66' lang='lat' dir='ltr'>subintravit,</span> <span class='ocrx_word' id='word_1_213' title='bbox 1025 3233 1059 3288; x_wconf 90' lang='lat' dir='ltr'>ut</span> <span class='ocrx_word' id='word_1_214' title='bbox 1080 3226 1173 3288; x_wconf 87' lang='lat' dir='ltr'>abnn-</span> 
     </span>
     <span class='ocr_line' id='line_1_34' title="bbox 255 3311 1173 3394; baseline -0.001 -21"><span class='ocrx_word' id='word_1_215' title='bbox 255 3312 343 3374; x_wconf 82' lang='lat' dir='ltr'>daret</span> <span class='ocrx_word' id='word_1_216' title='bbox 365 3311 517 3392; x_wconf 89' lang='lat' dir='ltr'>delictum,</span> <span class='ocrx_word' id='word_1_217' title='bbox 542 3318 573 3374; x_wconf 85' lang='lat' dir='ltr'>at</span> <span class='ocrx_word' id='word_1_218' title='bbox 591 3311 692 3374; x_wconf 82' lang='lat' dir='ltr'>Galat.</span> <span class='ocrx_word' id='word_1_219' title='bbox 708 3315 749 3376; x_wconf 76' lang='lat'>3:</span> <span class='ocrx_word' id='word_1_220' title='bbox 772 3311 836 3374; x_wconf 86' lang='lat' dir='ltr'>Lex</span> <span class='ocrx_word' id='word_1_221' title='bbox 857 3319 984 3394; x_wconf 88' lang='lat' dir='ltr'>propter</span> <span class='ocrx_word' id='word_1_222' title='bbox 1005 3319 1173 3392; x_wconf 83' lang='lat' dir='ltr'>transgres-</span> 
     </span>
     <span class='ocr_line' id='line_1_35' title="bbox 256 3394 1251 3476; baseline -0.001 -20"><span class='ocrx_word' id='word_1_223' title='bbox 256 3397 376 3458; x_wconf 88' lang='lat' dir='ltr'>sionem</span> <span class='ocrx_word' id='word_1_224' title='bbox 398 3397 499 3475; x_wconf 86' lang='lat' dir='ltr'>posita</span> <span class='ocrx_word' id='word_1_225' title='bbox 523 3401 579 3476; x_wconf 91' lang='lat' dir='ltr'>est,</span> <span class='ocrx_word' id='word_1_226' title='bbox 602 3402 633 3456; x_wconf 91' lang='lat' dir='ltr'>et</span> <span class='ocrx_word' id='word_1_227' title='bbox 655 3394 834 3459; x_wconf 84' lang='lat' dir='ltr'>1.Corinth.</span> <span class='ocrx_word' id='word_1_228' title='bbox 860 3400 914 3460; x_wconf 80' lang='lat'>15:</span> <span class='ocrx_word' id='word_1_229' title='bbox 937 3395 1040 3458; x_wconf 85' lang='lat' dir='ltr'>Virtus</span> <span class='ocrx_word' id='word_1_230' title='bbox 1051 3397 1172 3475; x_wconf 88' lang='lat' dir='ltr'>peceati</span> <span class='ocrx_word' id='word_1_231' title='bbox 1246 3457 1251 3467; x_wconf 66' lang='lat'>.</span> 
     </span>
     <span class='ocr_line' id='line_1_36' title="bbox 255 3476 1175 3560; baseline 0.001 -22"><span class='ocrx_word' id='word_1_232' title='bbox 255 3479 317 3540; x_wconf 84' lang='lat' dir='ltr'>lex.</span> <span class='ocrx_word' id='word_1_233' title='bbox 361 3476 476 3554; x_wconf 78' lang='lat' dir='ltr'>Quibus</span> <span class='ocrx_word' id='word_1_234' title='bbox 499 3478 640 3541; x_wconf 86' lang='lat' dir='ltr'>omnibns</span> <span class='ocrx_word' id='word_1_235' title='bbox 662 3479 693 3540; x_wconf 91' lang='lat' dir='ltr'>id</span> <span class='ocrx_word' id='word_1_236' title='bbox 715 3478 780 3538; x_wconf 88' lang='lat' dir='ltr'>volt</span> <span class='ocrx_word' id='word_1_237' title='bbox 799 3477 985 3558; x_wconf 85' lang='lat' dir='ltr'>Apostolus,</span> <span class='ocrx_word' id='word_1_238' title='bbox 1007 3478 1090 3558; x_wconf 90' lang='lat' dir='ltr'>quod</span> <span class='ocrx_word' id='word_1_239' title='bbox 1120 3497 1175 3560; x_wconf 90' lang='lat' dir='ltr'>per</span> 
     </span>
     <span class='ocr_line' id='line_1_37' title="bbox 255 3560 1175 3644; baseline 0.001 -23"><span class='ocrx_word' id='word_1_240' title='bbox 255 3561 357 3642; x_wconf 88' lang='lat' dir='ltr'>legem</span> <span class='ocrx_word' id='word_1_241' title='bbox 378 3570 507 3641; x_wconf 86' lang='lat' dir='ltr'>peccata</span> <span class='ocrx_word' id='word_1_242' title='bbox 528 3563 631 3644; x_wconf 88' lang='lat' dir='ltr'>potius</span> <span class='ocrx_word' id='word_1_243' title='bbox 653 3568 814 3643; x_wconf 81' lang='lat' dir='ltr'>augentur,</span> <span class='ocrx_word' id='word_1_244' title='bbox 836 3579 926 3640; x_wconf 88' lang='lat' dir='ltr'>qnam</span> <span class='ocrx_word' id='word_1_245' title='bbox 949 3560 1110 3641; x_wconf 89' lang='lat' dir='ltr'>tolluntur,</span> <span class='ocrx_word' id='word_1_246' title='bbox 1143 3569 1175 3622; x_wconf 88' lang='lat' dir='ltr'>et</span> 
     </span>
     <span class='ocr_line' id='line_1_38' title="bbox 256 3645 1172 3727; baseline -0.001 -21"><span class='ocrx_word' id='word_1_247' title='bbox 256 3645 507 3724; x_wconf 86' lang='lat' dir='ltr'>concupiscentia</span> <span class='ocrx_word' id='word_1_248' title='bbox 529 3647 627 3727; x_wconf 80' lang='lat' dir='ltr'>magis</span> <span class='ocrx_word' id='word_1_249' title='bbox 640 3647 780 3721; x_wconf 89' lang='lat' dir='ltr'>irritetur,</span> <span class='ocrx_word' id='word_1_250' title='bbox 799 3663 860 3724; x_wconf 89' lang='lat' dir='ltr'>quo</span> <span class='ocrx_word' id='word_1_251' title='bbox 873 3645 971 3726; x_wconf 82' lang='lat' dir='ltr'>magis</span> <span class='ocrx_word' id='word_1_252' title='bbox 985 3645 1172 3725; x_wconf 89' lang='lat' dir='ltr'>prohibetur.</span> 
     </span>
     <span class='ocr_line' id='line_1_39' title="bbox 257 3726 1172 3806; baseline 0 -18"><span class='ocrx_word' id='word_1_253' title='bbox 257 3726 329 3788; x_wconf 83' lang='lat' dir='ltr'>Sed</span> <span class='ocrx_word' id='word_1_254' title='bbox 342 3729 477 3806; x_wconf 88' lang='lat' dir='ltr'>omnium</span> <span class='ocrx_word' id='word_1_255' title='bbox 501 3728 747 3806; x_wconf 64' lang='lat' dir='ltr'>manifestissime</span> <span class='ocrx_word' id='word_1_256' title='bbox 768 3729 857 3790; x_wconf 87' lang='lat' dir='ltr'>Rom.</span> <span class='ocrx_word' id='word_1_257' title='bbox 880 3731 914 3790; x_wconf 86' lang='lat'>7:</span> <span class='ocrx_word' id='word_1_258' title='bbox 937 3731 1103 3790; x_wconf 83' lang='lat' dir='ltr'>occasione</span> <span class='ocrx_word' id='word_1_259' title='bbox 1124 3745 1172 3788; x_wconf 82' lang='lat' dir='ltr'>ac</span> 
     </span>
     <span class='ocr_line' id='line_1_40' title="bbox 258 3810 1223 3892; baseline -0.002 -21"><span class='ocrx_word' id='word_1_260' title='bbox 258 3821 348 3892; x_wconf 88' lang='lat' dir='ltr'>cepta</span> <span class='ocrx_word' id='word_1_261' title='bbox 369 3818 529 3890; x_wconf 88' lang='lat' dir='ltr'>peccatum</span> <span class='ocrx_word' id='word_1_262' title='bbox 549 3831 604 3892; x_wconf 88' lang='lat' dir='ltr'>per</span> <span class='ocrx_word' id='word_1_263' title='bbox 626 3810 803 3872; x_wconf 88' lang='lat' dir='ltr'>mandatum</span> <span class='ocrx_word' id='word_1_264' title='bbox 821 3818 980 3892; x_wconf 88' lang='lat' dir='ltr'>operatum</span> <span class='ocrx_word' id='word_1_265' title='bbox 1002 3819 1050 3874; x_wconf 90' lang='lat' dir='ltr'>est</span> <span class='ocrx_word' id='word_1_266' title='bbox 1070 3813 1101 3872; x_wconf 92' lang='lat' dir='ltr'>in</span> <span class='ocrx_word' id='word_1_267' title='bbox 1124 3830 1173 3870; x_wconf 89' lang='lat' dir='ltr'>me</span> <span class='ocrx_word' id='word_1_268' title='bbox 1217 3857 1223 3864; x_wconf 87' lang='lat'>.</span> 
     </span>
    </p>

    <p class='ocr_par' dir='ltr' id='par_1_11' title="bbox 218 3895 1171 4143">
     <span class='ocr_line' id='line_1_41' title="bbox 218 3895 694 3982; baseline 0.006 -28"><span class='ocrx_word' id='word_1_269' title='bbox 218 3965 225 3982; x_wconf 91' lang='lat'>.</span> <span class='ocrx_word' id='word_1_270' title='bbox 259 3911 380 3954; x_wconf 88' lang='lat' dir='ltr'>omnem</span> <span class='ocrx_word' id='word_1_271' title='bbox 404 3895 694 3976; x_wconf 88' lang='lat' dir='ltr'>concupiscentiam.</span> 
     </span>
     <span class='ocr_line' id='line_1_42' title="bbox 225 3975 1171 4060; baseline -0.006 -16"><span class='ocrx_word' id='word_1_272' title='bbox 225 4035 229 4044; x_wconf 93' lang='lat'>.</span> <span class='ocrx_word' id='word_1_273' title='bbox 337 3976 404 4040; x_wconf 83' lang='lat' dir='ltr'>Stat</span> <span class='ocrx_word' id='word_1_274' title='bbox 424 3995 499 4060; x_wconf 87' lang='lat' dir='ltr'>ergo</span> <span class='ocrx_word' id='word_1_275' title='bbox 520 3979 682 4055; x_wconf 69' lang='lat' dir='ltr'>sententia,</span> <span class='ocrx_word' id='word_1_276' title='bbox 704 3975 788 4056; x_wconf 88' lang='lat' dir='ltr'>qnod</span> <span class='ocrx_word' id='word_1_277' title='bbox 810 3977 877 4037; x_wconf 87' lang='lat' dir='ltr'>sine</span> <span class='ocrx_word' id='word_1_278' title='bbox 899 3977 998 4058; x_wconf 84' lang='lat' dir='ltr'>gratia</span> <span class='ocrx_word' id='word_1_279' title='bbox 1018 3978 1070 4038; x_wconf 86' lang='lat' dir='ltr'>lex</span> <span class='ocrx_word' id='word_1_280' title='bbox 1092 3977 1171 4039; x_wconf 89' lang='lat' dir='ltr'>ocei-</span> 
     </span>
     <span class='ocr_line' id='line_1_43' title="bbox 260 4057 1168 4143; baseline -0.003 -22"><span class='ocrx_word' id='word_1_281' title='bbox 260 4057 302 4121; x_wconf 89' lang='lat' dir='ltr'>dit</span> <span class='ocrx_word' id='word_1_282' title='bbox 321 4066 353 4122; x_wconf 90' lang='lat' dir='ltr'>et</span> <span class='ocrx_word' id='word_1_283' title='bbox 380 4069 474 4143; x_wconf 85' lang='lat' dir='ltr'>auget</span> <span class='ocrx_word' id='word_1_284' title='bbox 494 4068 671 4142; x_wconf 86' lang='lat' dir='ltr'>peceatum,</span> <span class='ocrx_word' id='word_1_285' title='bbox 707 4061 765 4121; x_wconf 90' lang='lat' dir='ltr'>etsi</span> <span class='ocrx_word' id='word_1_286' title='bbox 785 4058 859 4120; x_wconf 85' lang='lat' dir='ltr'>ioris</span> <span class='ocrx_word' id='word_1_287' title='bbox 881 4059 1007 4122; x_wconf 90' lang='lat' dir='ltr'>cohibet</span> <span class='ocrx_word' id='word_1_288' title='bbox 1036 4061 1168 4138; x_wconf 79' lang='lat' dir='ltr'>manum,</span> 
     </span>
    </p>
   </div>
   <div class='ocr_carea' id='block_1_4' title="bbox 285 4142 1070 4236">
    <p class='ocr_par' dir='ltr' id='par_1_12' title="bbox 285 4142 1070 4236">
     <span class='ocr_line' id='line_1_44' title="bbox 285 4142 1070 4236; baseline -0.005 -29"><span class='ocrx_word' id='word_1_289' title='bbox 285 4176 378 4236; x_wconf 41' lang='lat' dir='ltr'>mur!</span> <span class='ocrx_word' id='word_1_290' title='bbox 387 4186 440 4226; x_wconf 69' lang='lat'>01³1?-</span> <span class='ocrx_word' id='word_1_291' title='bbox 453 4175 481 4218; x_wconf 79' lang='lat' dir='ltr'>v,</span> <span class='ocrx_word' id='word_1_292' title='bbox 492 4176 521 4217; x_wconf 69' lang='grc' dir='ltr'>Α,</span> <span class='ocrx_word' id='word_1_293' title='bbox 535 4177 562 4206; x_wconf 67' lang='grc' dir='ltr'>,Α</span> <span class='ocrx_word' id='word_1_294' title='bbox 577 4176 617 4206; x_wconf 66' lang='grc' dir='ltr'>..ι</span> <span class='ocrx_word' id='word_1_295' title='bbox 631 4175 682 4212; x_wconf 68' lang='lat' dir='ltr'>arnt</span> <span class='ocrx_word' id='word_1_296' title='bbox 695 4175 711 4214; x_wconf 87' lang='lat' dir='ltr'>l.</span> <span class='ocrx_word' id='word_1_297' title='bbox 723 4186 747 4224; x_wconf 81' lang='lat' dir='ltr'>p.</span> <span class='ocrx_word' id='word_1_298' title='bbox 760 4175 861 4218; x_wconf 81' lang='lat' dir='ltr'>votlss.</span> <span class='ocrx_word' id='word_1_299' title='bbox 1030 4142 1070 4204; x_wconf 81' lang='grc'>18</span> 
     </span>
    </p>
   </div>
   <div class='ocr_carea' id='block_1_5' title="bbox 0 0 1547 4775">
    <p class='ocr_par' dir='ltr' id='par_1_13' title="bbox 0 0 1547 4775">
     <span class='ocr_line' id='line_1_45' title="bbox 0 0 1547 4775; baseline 0 0"><span class='ocrx_word' id='word_1_300' title='bbox 0 0 1547 4775; x_wconf 95' lang='lat' dir='ltr'> </span> 
     </span>
    </p>
   </div>
  </div>
 </body>
</html>
