3075 4775
336 523 401 593 340
589 526 685 585 Μαι
704 527 732 585 L
750 542 837 599 snper
853 528 1048 601 Propoddme

338 710 443 859 uiriliust
460 710 557 777 taius
577 732 634 795 per
654 732 815 783 summurn
828 722 862 779 st
881 732 976 777 unum
996 712 1179 797 pontificem
1202 714 1261 797 sig·

337 817 357 857 ss
392 815 429 858 θα
443 816 505 858 um.

418 879 461 943 Ut
480 880 542 942 hoc
558 882 710 957 omittam,
731 878 815 962 quod
833 878 894 943 illis
907 882 1012 943 omnis
1027 882 1060 943 in
1076 878 1177 962 figura
1187 900 1260 943 con·
1376 932 1377 943 ,

336 964 444 1046 tigisse
466 966 597 1043 scimus,
619 972 650 1027 et
670 967 703 1025 in
723 984 808 1028 novo
830 964 1030 1028 Testamenta
1052 962 1185 1045 figuram
1207 964 1260 1027 ille

336 1046 439 1111 denuo
459 1054 608 1126 revocat,
639 1055 674 1109 nt
700 1049 808 1111 similis
841 1046 942 1131 figure
975 1048 1133 1129 utriusque
1153 1048 1261 1110 Teste-

336 1134 447 1209 menti,
478 1130 554 1193 nihil
586 1134 647 1195 iam
681 1139 843 1215 utrumque
875 1130 913 1193 eb
949 1138 1080 1211 utroque
1102 1130 1260 1195 differens.

336 1213 420 1283 Uror,
437 1235 515 1295 ego,
544 1214 664 1277 divinas
687 1214 791 1277 literas
813 1216 852 1277 ab
874 1216 922 1277 hie
950 1216 1054 1297 porcis
1076 1224 1138 1279 tam
1162 1216 1260 1296 impu·

337 1297 446 1360 denter
467 1298 661 1375 conculcari,
695 1300 877 1379 praesertim
898 1296 954 1363 sub
978 1300 1104 1361 nomine
1127 1299 1261 1361 Romani
1376 1316 1377 1323 ¹

335 1380 491 1461 pontilicis
514 1381 547 1441 et
567 1382 729 1443 Romanos
750 1382 913 1445 ecelesiae.

419 1462 501 1541 Quid
522 1473 625 1526 autem
647 1463 709 1527 hoc
724 1475 787 1547 est,
811 1464 894 1547 quod
917 1464 994 1527 duos
1018 1466 1134 1547 primos
1157 1484 1258 1528 saoee
1376 1474 1377 1507 ³

336 1547 426 1611 dotes
446 1548 479 1607 in
500 1549 596 1609 veteri
618 1547 818 1611 Testamento
841 1550 960 1625 statuit,
993 1567 1107 1631 magno
1130 1549 1178 1612 sui
1201 1550 1259 1629 pri.
1376 1592 1377 1603 ,

336 1641 435 1692 metus
458 1630 666 1693 detrimento?
687 1632 811 1693 Imitare
823 1630 905 1711 quod
928 1630 1005 1693 dicis
1019 1632 1065 1714 (et
1079 1632 1106 1691 si
1125 1630 1258 1711 nisum)

336 1720 398 1777 stet
418 1713 597 1791 similitudo,
619 1724 652 1775 et
673 1715 713 1775 da
726 1718 818 1779 etiam
831 1735 913 1775 nune
934 1715 1012 1776 duos
1025 1716 1153 1796 primos.
1176 1715 1260 1793 Quo·
1301 1779 1306 1783 .

336 1794 430 1859 modo
461 1818 554 1859 unum
589 1799 719 1879 primum
751 1799 897 1881 probabis
932 1819 986 1879 per
1020 1800 1097 1859 duos
1120 1800 1260 1879 primos?

337 1878 433 1942 Vides
456 1900 531 1962 ergo
554 1880 767 1943 hoshomiues
791 1903 846 1945 eos
869 1884 973 1961 fuisse,
996 1882 1048 1963 qui
1059 1882 1262 1963 simplicitate

337 1962 410 2025 fldei
431 1974 557 2027 nostrae
578 1964 666 2025 abusi
687 1966 754 2026 ausi
776 1974 848 2027 snut
869 1972 1014 2047 statuere,
1038 1964 1188 2045 quidquid
1210 1966 1260 2029 vel

335 2049 490 2109 somniare
512 2056 688 2128 potuerunt.
1211 2108 1217 2113 .

417 2131 450 2190 ln
473 2129 535 2191 fine
564 2132 721 2193 concludit
747 2140 780 2193 et
802 2132 911 2195 eedem
933 2132 1119 2194 dexteritate
1141 2132 1260 2194 Rome·

336 2231 406 2273 nam
430 2213 593 2274 ecclesiam
615 2216 771 2277 cardinem
794 2224 902 2295 vocet,
932 2218 962 2276 in
996 2235 1057 2295 quo
1079 2235 1188 2280 omnes
1212 2236 1260 2279 ec-

336 2296 450 2355 clesiae
470 2305 626 2377 reguntur,
649 2298 776 2360 domino
789 2299 992 2381 disponente:
1015 2307 1046 2359 et
1069 2298 1195 2359 tandem
1218 2303 1259 2361 sit

335 2377 405 2440 linis
426 2380 485 2442 hic.
528 2380 607 2442 Nam
629 2383 723 2444 ceteri
746 2382 900 2462 canones,
923 2384 974 2463 qui
998 2382 1106 2444 eudem
1129 2384 1260 2468 spirent,

335 2463 442 2524 horum
466 2465 606 2525 nimirum
628 2465 746 2526 influxu
768 2468 874 2528 infecti
896 2469 941 2527 sic
962 2469 1090 2546 spirant.

417 2547 488 2608 Non
513 2567 638 2628 possum
669 2557 772 2610 sutem
795 2553 954 2630 omittere,
990 2551 1063 2630 quin
1091 2553 1123 2610 et
1143 2549 1260 2614 Decre-

337 2632 430 2692 talem
452 2632 502 2691 vel
523 2650 617 2692 uuam
638 2633 800 2711 adducam,
824 2641 856 2694 ut
876 2641 1041 2714 appareat,
1065 2632 1135 2712 quid
1160 2638 1260 2714 prosit

337 2713 485 2776 ecclesias
497 2733 616 2795 regere,
637 2723 669 2776 et
680 2716 971 2797 Scriptnrnssscras
987 2735 1050 2778 non
1071 2717 1257 2798 intelligere.

335 2799 413 2860 Sunt
434 2800 516 2859 enim
539 2805 570 2858 et
592 2799 769 2860 Decretales
805 2819 896 2880 qnam
924 2801 1074 2880 plurimae
1100 2800 1259 2880 tilgidisei·
1376 2827 1377 2854 i

335 2901 415 2961 mae,
437 2880 536 2957 hse¹)
562 2884 729 2961 maximae,
759 2903 839 2963 quse
873 2885 1005 2943 maxime
1038 2891 1109 2943 sunt
1136 2885 1168 2942 in
1192 2905 1258 2947 usn.
1376 2879 1377 2904 ³

335 2965 473 3026 Transeo
493 2964 578 3024 illam
593 2965 640 3026 ‘de
662 2968 891 3045 constitutione,
914 2985 940 3028 c.
962 2957 1141 3044 Translate,
1165 2985 1258 3046 quem

335 3055 410 3130 puto
439 3050 484 3108 sic
505 3067 523 3108 a
545 3067 595 3108 me
618 3049 805 3110 vindicatam
834 3059 940 3129 antea,
973 3059 1007 3110 nt
1037 3065 1166 3112 necesse
1194 3070 1257 3114 non

336 3135 376 3192 sit
396 3137 548 3211 repetere.
593 3131 726 3193 Assumo
750 3152 828 3193 onus
856 3133 931 3192 illud
953 3153 977 3192 c.
1002 3131 1190 3213 significasti
1220 3125 1284 3203 def

336 3215 442 3293 elect,
466 3213 516 3275 ubi
540 3215 790 3296 archiepiscopus
814 3217 1062 3277 Panormitamus
1085 3235 1154 3275 oum
1184 3239 1269 3302 rege·
1376 3263 1377 3266 =

336 3306 367 3358 et
390 3316 486 3378 regno
509 3297 633 3359 Siciliae
660 3301 827 3360 iustissime
863 3301 978 3377 mirati,
1013 3299 1095 3378 quod
1127 3299 1257 3381 pallium

334 3389 515 3462 accepturus
543 3383 718 3463 exigeretur
747 3385 968 3462 iuramentum,
1003 3393 1035 3442 ct
1056 3383 1106 3443 ubi
1128 3387 1259 3462 pulchra

335 3464 488 3524 modestis
509 3473 617 3527 contre
639 3466 719 3526 hanc
731 3467 973 3527 infelicissimam
986 3467 1181 3528 exactionem
1206 3471 1257 3531 ad·

335 3547 462 3608 duceret
496 3556 695 3629 praeceptum
717 3550 830 3611 Christi
853 3557 884 3610 et
905 3555 1019 3609 statute
1042 3548 1256 3632 conciliorum,

336 3631 427 3691 talem
461 3635 582 3712 accepit
621 3635 858 3713 responsionem
896 3633 934 3694 'et
968 3634 1255 3713 interpretationem
1363 3687 1371 3702 .

334 3715 510 3795 Scripturas
544 3724 711 3777 sanctaee
740 3717 890 3777 Paschale
922 3717 1064 3777 Romano
1094 3721 1255 3798 pontifice,

211 3800 222 3818 ‘
337 3798 416 3876 [hoc
437 3804 494 3877 est,
517 3820 535 3859 a
557 3802 685 3861 notariis
707 3801 887 3880 Romanisl.

417 3882 572 3959 Minentur,
597 3885 704 3963 inquit,
726 3886 890 3946 Dominum
904 3889 1042 3944 nostrum
1056 3883 1156 3948 lesum
1173 3888 1254 3950 chri-

372 4059 410 4119 l)·
423 4058 453 4108 In
475 4057 519 4112 ed.
539 4060 644 4124 priore:
664 4077 723 4116 eae.
