3075 4775
510 543 583 598 Xlll.
604 542 639 597 de
658 547 794 611 potestate
814 540 914 611 Papae.
1068 547 1071 551 ’
1113 536 1173 603 32'1

249 736 282 791 et
313 748 425 791 omnes
459 748 516 791 nos
548 728 678 791 ludibrio
712 746 915 809 exponamus.
958 728 1065 808 Neque
1093 729 1173 789 enim

249 832 318 873 cum
341 812 404 872 illis
421 816 531 890 sentio,
555 814 777 892 qniRomanos
795 810 956 892 pontifices
970 832 1032 872 non
1056 830 1174 872 errasse

250 903 378 976 putant,
412 902 446 955 et
477 896 559 977 apud
581 916 636 957 eos
666 896 752 956 solos
783 914 852 957 esse
874 914 976 955 veram
1000 894 1176 975 Scripturae

248 978 507 1059 intelligentiam,
531 998 600 1040 oum
623 979 718 1059 longe
740 980 926 1039 contrarium
948 979 998 1037 hio
1019 989 1052 1038 et
1073 978 1175 1037 multis

249 1064 319 1123 aliis
343 1062 421 1123 locis
443 1062 591 1124 videatur.
632 1062 782 1123 Homines
804 1061 942 1139 fuerunt,
971 1062 1051 1131 sient
1072 1068 1103 1121 et
1126 1078 1175 1120 ce·

249 1147 308 1206 teri
330 1146 479 1225 episcopi.

334 1226 445 1307 Neque
467 1248 543 1289 sane
565 1227 683 1309 grande
696 1228 875 1287 miraculum
899 1235 955 1303 est,
977 1233 1102 1287 sanctos
1118 1226 1175 1287 hos

250 1309 418 1392 pontifices
442 1312 578 1372 humana
598 1310 774 1372 infirmitate
797 1312 854 1371 sibi
877 1310 1043 1370 ambivisse
1065 1310 1175 1389 prima-

250 1406 327 1472 tum,
349 1393 475 1473 quando
496 1402 528 1455 et
549 1396 609 1473 ipsi
631 1394 767 1475 apostoli
790 1402 954 1473 praesente
967 1394 1087 1454 Christo
1111 1411 1175 1453 non

251 1478 353 1539 solum
375 1477 587 1556 ambiverunt,
620 1476 676 1539 sed
710 1479 802 1537 etiam
831 1496 894 1539 non
922 1476 1019 1537 semel
1041 1477 1121 1535 inter
1142 1494 1176 1535 se

251 1560 498 1640 contenderunt,
532 1563 599 1640 quis
632 1580 738 1621 eorum
763 1560 918 1621 videretur
941 1561 1048 1623 maior.
1092 1559 1177 1619 Siout

191 1703 195 1713 ,
252 1663 328 1725 ergo
343 1643 483 1703 Christus
505 1643 638 1724 benigne
658 1643 729 1704 tulit
750 1663 856 1705 eorum
876 1644 1108 1719 humanitatem,
1130 1643 1175 1703 ita

244 1735 283 1805 ,et
304 1725 440 1788 ecclesia
469 1727 575 1787 talium
605 1725 785 1807 pontificum
820 1726 999 1787 ambitionis
1031 1725 1176 1804 reliquias

252 1810 395 1871 serendas
420 1810 511 1871 discit
531 1817 563 1872 et
580 1811 712 1872 Decreta
735 1809 888 1871 eiusmodi
910 1809 982 1870 ideo
1005 1828 1069 1869 non
1091 1809 1175 1889 peni·

255 1904 302 1954 tus
324 1895 435 1956 reiicit.
482 1894 541 1954 illis
563 1892 656 1975 porro
679 1900 712 1953 et
733 1884 928 1953 manibns'et
950 1891 1079 1972 pedibus
1102 1893 1174 1951 resi·

253 1976 397 2037 standum
420 1984 483 2054 est,
525 1978 577 2056 qui
605 1996 668 2037 non
698 1977 854 2049 contenti,
888 1975 971 2054 quod
1001 1972 1174 2035 huiusmodi

253 2060 388 2123 Decreta
410 2058 565 2121 humiliter
584 2061 725 2134 ferimus,
749 2059 803 2119 sed
826 2078 864 2122 eo
878 2060 1042 2136 insaniunt,
1063 2067 1097 2117 ut
1112 2066 1176 2117 tan-

254 2162 346 2222 quam
371 2160 443 2203 non‘
456 2145 496 2203 sit
516 2144 594 2204 alius
616 2142 824 2223 inscriptura
846 2161 964 2223 sensns,
986 2160 1023 2201 ea
1047 2160 1102 2223 pro
1125 2160 1177 2201 ne-

254 2227 397 2287 cessariis
419 2227 555 2287 articulis
590 2226 660 2287 fidei
695 2227 785 2287 nobis
823 2228 959 2303 sancire,
994 2233 1025 2285 et
1052 2244 1175 2285 omnem

253 2312 347 2371 alium
371 2310 693 2382 sensumhaeretieum
717 2310 910 2390 proclamare
926 2308 1050 2384 audent,
1074 2308 1178 2369 omnia

253 2397 320 2455 sine
333 2394 399 2454 ullo
410 2394 524 2454 iudicio
539 2394 688 2474 legentes.
731 2393 801 2468 Qua
814 2395 987 2454 temeritate
1001 2394 1176 2453 necessario

253 2477 382 2538 tandem
404 2476 446 2555 fit,
469 2484 502 2537 ut
523 2478 693 2558 legitimum
711 2475 822 2537 Christi
843 2495 966 2538 sensum
990 2477 1176 2552 amittamus,

254 2563 338 2622 etin
360 2561 526 2620 humanum
547 2561 704 2622 arbitrium
727 2568 758 2620 et
779 2579 904 2621 arenam
929 2557 1133 2621 aedificemur.

342 2643 373 2705 Si
397 2645 479 2704 enim
500 2662 605 2704 verum
629 2651 725 2720 esset,
748 2643 831 2723 quod
855 2644 905 2705 hio
925 2643 987 2703 Leo
1011 2645 1070 2702 iste
1093 2641 1176 2718 dicit,

254 2735 285 2788 et
306 2735 453 2806 tanquam
489 2726 594 2788 divino
624 2735 792 2808 praecepto
823 2729 887 2786 eius
910 2725 1010 2786 verbis
1034 2713 1177 2784 ohedien-

254 2809 328 2871 dum
350 2817 449 2882 esset,
472 2811 535 2870 iam
557 2819 622 2872 tota
635 2811 793 2871 orientalis
816 2810 948 2870 ecclesia
971 2809 1009 2869 ab
1028 2809 1115 2868 initio
1131 2808 1177 2866 sui

254 2893 412 2973 usquead
435 2891 529 2954 finem
551 2895 658 2955 luisset
679 2913 787 2954 exsors
812 2894 906 2954 divini
929 2892 1074 2972 mysterii,
1107 2891 1178 2970 quia

254 2999 410 3058 nunquam
431 2977 487 3038 sub
508 2978 640 3039 Roman.
662 2979 813 3038 ecclesiae
836 2984 990 3057 potestate
1010 2975 1075 3037 tuit.
1117 2971 1177 3034 To-

255 3062 399 3126 lerandus
422 3063 525 3141 itaque
547 3079 632 3122 error
652 3062 741 3121 huius
754 3061 877 3135 Leonis,
900 3079 962 3122 non
985 3069 1086 3119 autem
1109 3075 1178 3137 pro·

255 3156 323 3228 pter
345 3164 415 3206 eum
437 3144 515 3204 alius
538 3151 569 3204 et
590 3146 691 3207 verior
713 3164 822 3205 sensus
843 3142 1071 3223 relinquendus.

342 3227 501 3289 Secundus
524 3227 646 3289 estLeo
670 3228 720 3288 lV.
745 3228 878 3290 distinct.
900 3233 948 3293 20,
973 3246 998 3286 o.
1022 3227 1069 3286 De
1091 3223 1177 3284 libel-

257 3314 304 3391 lis,
325 3311 451 3371 dioens:
474 3310 573 3385 Quam
597 3311 637 3372 ob
660 3331 785 3372 causam
808 3314 989 3373 luculentius
1012 3317 1043 3370 et
1066 3327 1179 3388 magna

257 3415 335 3457 voce
356 3395 560 3474 pronunciare
590 3414 653 3455 non
681 3398 790 3456 timeo:
830 3398 901 3474 quia
923 3396 973 3475 qui
1003 3394 1057 3454 illa
1081 3394 1179 3472 (quae

256 3477 409 3560 diximus)
433 3485 608 3538 sanctorum
622 3478 744 3539 Petrum
768 3487 890 3554 statute,
915 3497 994 3557 quae
1017 3476 1098 3558 apud
1122 3493 1178 3534 nos

257 3562 418 3624 Canopum
443 3562 568 3621 nomine
586 3563 830 3641 praetitulantur,
856 3564 921 3622 sive
943 3563 984 3621 sit
1005 3562 1179 3641 episcopus,

256 3648 323 3707 sive
347 3643 492 3722 clericus,
514 3645 580 3703 sive
600 3645 707 3726 laicus,
729 3666 792 3707 non
813 3644 1022 3706 indifferenter
1042 3645 1179 3721 recipere

257 3729 460 3807 convincitur,
482 3746 540 3788 nec
562 3730 757 3806 catholicam,
780 3749 837 3790 nec
855 3729 1057 3809 apostolicam
1077 3725 1179 3799 fidem,

256 3836 314 3880 neo
335 3823 467 3900 quatuor
489 3817 651 3895 evangelia
673 3816 786 3876 utiliter
809 3821 839 3874 et
861 3813 1046 3888 efficaciter,
1078 3811 1116 3870 ad
1140 3809 1180 3868 ef·

255 3903 369 3964 fectum
390 3917 479 3962 suum
501 3899 642 3979 retinere,
664 3900 714 3960 vel
736 3897 862 3958 eredere
885 3896 1040 3977 probatur.
1120 3955 1124 3964 ,

339 3987 423 4047 Vere
443 3984 534 4043 nimis
556 3985 631 4047 nihil
653 3984 757 4060 times,
791 3983 831 4040 mi
854 3980 934 4058 Leo,
967 3975 1180 4057 pronunciare,

256 4070 376 4132 audens
406 4068 541 4128 humana
562 4073 676 4128 statuta
703 4065 873 4145 evangeliis
895 4079 1043 4140 aequare,
1077 4066 1108 4117 ot
1129 4075 1179 4116 au·

282 4189 374 4229 ranan
388 4198 440 4237 opp.
455 4189 482 4228 v.
496 4186 523 4226 A.
538 4186 568 4225 aa
582 4185 621 4224 rer.
636 4185 688 4223 uns
703 4184 719 4222 r.
733 4195 755 4232 p.
769 4183 820 4222 vor.
834 4183 874 4220 ru.
996 4157 1035 4220 21
