3075 4775
155 304 489 314 ffl——
500 304 504 306 ἡ
533 302 560 306 -·

291 524 292 531 ¹
362 544 426 613 254
585 528 685 599 dtesot
705 546 733 597 L.
752 560 837 614 nuper
857 546 1042 613 Proposttion.

363 731 614 811 iniquitstis,'qui
637 738 723 791 tento
743 731 827 793 bons
844 730 1003 791 feserunt?
1023 731 1082 790 nisi
1103 732 1178 809 quin
1193 729 1282 791 bonis

243 854 246 867 ·
364 816 444 875 mele
468 816 513 873 usi
547 820 634 890 sunt,
671 816 789 875 etiamsi
812 812 874 875 hoo
904 813 985 873 mute
1008 814 1054 872 usi
1067 815 1097 890 ¹)
1120 813 1189 872 aliis
1212 830 1282 892 pro-

363 898 491 961 fuerunt
1257 893 1260 904 '

446 981 600 1060 Septimo,
631 982 655 1039 si
677 982 774 1039 iustus
795 981 826 1043 iu
849 979 949 1059 graus
969 997 1032 1039 oon
1054 985 1158 1057 potest
1180 979 1283 1037 fecere

363 1064 493 1142 bonum,
524 1065 596 1143 quin
619 1064 710 1123 simul
733 1064 858 1142 penset,
894 1070 1009 1140 quanto
1032 1063 1130 1142 mugis
1150 1063 1283 1121 iniustus

363 1165 425 1208 non
448 1148 521 1207 fsoit
538 1146 673 1207 bonum?
693 1146 741 1205 Ao
762 1166 818 1225 per
830 1146 890 1205 hoo
904 1143 1068 1222 oonoludo,
1089 1153 1144 1204 sut
1165 1146 1283 1205 bonum

362 1238 415 1291 sut
437 1231 548 1289 mutum
571 1248 640 1290 esse
670 1236 771 1291 sutum
803 1227 936 1290 hominis
958 1246 1186 1307 quemcunque,
1223 1246 1283 1287 neo

362 1314 427 1374 duri
449 1322 550 1374 sotum
573 1312 706 1373 medium
736 1319 767 1373 et
787 1321 936 1372 neutrum.
981 1310 1180 1371 Antenedens
1210 1328 1281 1390 pro

362 1396 482 1457 bsbitur
503 1395 663 1457 evidenter
684 1395 887 1457 oonolusiune
908 1403 1068 1473 sequente.

445 1478 547 1553 Quare
567 1479 606 1538 ud
628 1500 692 1539 rein
723 1479 944 1559 propositionis
964 1476 1141 1554 redeundo,
1178 1479 1281 1537 omnis

363 1563 550 1625 Christianus
574 1562 711 1639 quotidie
733 1562 883 1641 poenitet,
904 1562 978 1639 quin
998 1560 1136 1639 quotidie
1157 1568 1278 1641 penset,

362 1666 424 1707 non
446 1645 570 1727 quidem
586 1645 793 1725 perpetrando
806 1646 943 1722 numius,
965 1645 1021 1703 sed
1042 1663 1104 1704 uon
1119 1642 1279 1722 perfinien-

361 1729 402 1790 do
425 1728 569 1788 mundate
592 1729 657 1790 Dei.
701 1728 740 1788 Et
762 1727 803 1787 ed
825 1729 885 1787 hoo
906 1727 1098 1806 probandum
1120 1726 1280 1788 sufficeret

361 1813 508 1873 autoritas
517 1812 629 1875 Johnn.
643 1813 674 1871 in
691 1811 890 1871 ounolusione
907 1812 1019 1890 positu,
1042 1809 1124 1889 quod
1146 1810 1279 1869 fructife-

361 1914 412 1956 ros
426 1894 568 1975 palmites
583 1893 762 1973 quotidie²i
777 1901 888 1974 purget
907 1894 1051 1953 eoelestis
1071 1894 1222 1973 egrioots.
1246 1893 1279 1953 si

361 1987 432 2039 sunt
438 1978 596 2059 purgandi,
605 1977 707 2052 sunt³)
717 1978 876 2054 immundi,
884 1977 910 2035 si
920 1975 1023 2054 sunt³)
1035 1975 1194 2055 immundi,
1208 1982 1281 2035 sunt

361 2070 550 2141 peoontores,
565 2064 591 2121 si
599 2070 790 2141 pensatores,
804 2061 994 2141 poenitentis
1003 2059 1151 2139 indigent.
1174 2059 1280 2134 Quare
1378 2115 1381 2126 ,

360 2144 399 2205 ud
415 2163 469 2205 eos
491 2146 624 2224 pertinet
644 2144 770 2204 verbum
786 2143 913 2203 Christi:
936 2143 1160 2203 Poenitentiem
1182 2144 1278 2223 agite.

445 2227 599 2304 Secundo,
619 2228 694 2287 illud
710 2227 846 2288 eiusdem
871 2226 1022 2289 ·t.dohun.
1047 2224 1135 2307 1.⁴):
1158 2226 1190 2286 Si
1213 2227 1279 2285 dix-

362 2312 489 2390 erimus,
519 2313 591 2393 quin
621 2317 782 2391 peooutum
812 2330 875 2370 non
906 2309 1071 2389 habemus,
1104 2329 1161 2372 nos
1192 2312 1281 2392 ipsos

362 2395 549 2474 seducimus,
568 2402 603 2455 et
624 2398 735 2456 veritus
756 2397 789 2454 in
815 2395 906 2456 nobis
926 2413 988 2454 non
1011 2402 1067 2457 est.
1109 2394 1211 2470 Quem
1227 2416 1281 2455 su·

361 2481 522 2540 toritatem·
545 2481 579 2539 B.
602 2480 791 2560 Augustinus
825 2480 857 2536 in
879 2478 981 2537 multis
1007 2478 1085 2538 louis
1118 2478 1278 2540 ndduuens

360 2562 513 2642 ponderet
532 2564 563 2622 in
586 2563 696 2638 verbo,
719 2561 882 2654 hebemgs,
914 2564 1084 2640 proesentis
1117 2566 1278 2642 temporis,

359 2646 442 2726 qnod
465 2637 526 2705 noir
551 2644 643 2724 dioit,
675 2645 852 2722 habuimus,
886 2643 942 2704 sed
970 2645 1128 2705 hebemus.
1171 2644 1278 2720 Quare

360 2729 497 2808 quotidie
518 2748 692 2808 pensemus,
715 2741 746 2788 et
763 2726 900 2807 quotidie
916 2736 1077 2806 peooutnm
1098 2747 1277 2809 purgemus,

359 2815 403 2873 its
424 2831 498 2893 ergo
520 2814 732 2892 poenitemus„
769 2812 829 2870 nisi
859 2813 1081 2890 poenitentiam
1104 2811 1189 2872 dions
1211 2833 1275 2875 non

360 2915 429 2956 esse
452 2903 649 2975 peecatorum
671 2897 896 2976 purgationem,
919 2897 1184 2956 contrummninm
1207 2917 1277 2956 sen·

359 2981 501 3058 tentiam,
514 2980 580 3058 ‘qni
602 2980 818 3040 contritionem
839 2977 948 3057 culpus
970 2977 1146 3039 detetrioem
1168 2982 1277 3059 poeni·

360 3065 474 3123 tentiae
500 3064 692 3143 potissimum
725 3069 844 3142 purtem
872 3068 1005 3141 ponunt
1048 3062 1189 3142 Denique
1215 3066 1279 3126 hoo

259 3153 277 3192 «¹1
359 3148 453 3207 verbo
476 3145 586 3208 Johun.
609 3145 699 3205 nixus
721 3146 755 3206 B.
773 3145 962 3225 Augustinus
983 3145 1036 3206 lib.
1058 3145 1221 3207 denatura*
1242 3157 1276 3210 et

281 3215 289 3242 ⁸
358 3232 466 3310 gretie,
487 3229 581 3289 nudet
602 3228 719 3290 dicere:
742 3229 776 3288 Si
798 3247 906 3288 omnes
918 3227 1023 3289 Sancti
1045 3231 1075 3287 in
1097 3249 1191 3289 uuum
1203 3251 1278 3292 oon·
1353 3277 1360 3284 -

359 3315 476 3393 gregati
489 3319 717 3393 quaererentur,
732 3331 773 3372 nn
788 3317 949 3391 pensatum
962 3311 1121 3389 heberent,
1139 3316 1214 3393 quid
1229 3335 1276 3375 es·

360 3405 429 3457 sent
452 3397 584 3477 (inquit)
597 3397 716 3475 dicturi,
738 3415 844 3475 quem:
868 3395 899 3456 Si
912 3395 1089 3474 dixerimus,
1111 3402 1185 3475 quin
1205 3419 1276 3480 pes·

360 3489 460 3540 uotum
484 3501 547 3542 uon
568 3481 730 3561 hebernus,
751 3501 809 3540 nos
829 3483 915 3560 ipsos
935 3476 1179 3559 ssduoimus,'st
1200 3485 1278 3544 ven‘-

359 3572 406 3624 tus
427 3567 458 3624 in
479 3566 568 3626 nobis
596 3585 658 3627 non
691 3573 746 3626 est.
789 3566 831 3624 At
860 3565 977 3624 nultum
1013 3575 1175 3647 pensatum
1209 3569 1277 3628 sine

358 3653 548 3732 poenitentis
569 3651 691 3712 totlitur.

440 3735 542 3796 Tertio
565 3735 639 3794 illud
661 3735 741 3798 Psel.
764 3731 803 3798 32
811 3732 859 3815 5);
889 3735 947 3794 Pro
976 3734 1037 3793 huo
1058 3733 1162 3795 orubit
1181 3733 1223 3793 ud
1245 3744 1276 3794 te

359 3821 458 3880 omnis
478 3818 609 3880 Sanetus
631 3820 662 3878 in
686 3826 826 3897 tempore
842 3825 1033 3898 opportuno.
1077 3817 1276 3878 usse-omnis

358 3955 519 3964 -α-...ῳ
698 3956 775 3962 —-—

394 4013 425 4074 t)
447 4011 477 4062 ln
497 4009 559 4062 edd.
578 4008 661 4076 orig:
681 4007 735 4060 hoo
745 3979 820 4060 msto
829 4023 887 4060 usu.
906 4007 940 4072 2)
952 4008 1019 4062 lbid.
1029 4009 1121 4062 deest:
1142 4008 1275 4078 quotidie.

359 4083 391 4148 3)
403 4082 470 4136 lbtd.
478 4081 571 4134 deest:
581 4085 652 4131 sunt.
671 4076 897 4140 inuida-lohes.
908 4083 1007 4148 primo.
1019 4083 1049 4148 5)
1057 4080 1143 4140 ibid:
1151 4082 1221 4134 Pssl.
1234 4082 1275 4135 31.
