3075 4775
348 542 413 611 204
580 545 737 613 Disputatio
755 544 865 612 Lipsiae
883 545 978 599 habita
996 560 1021 595 a.
1037 544 1098 597 XIX
1131 520 1134 527 .

435 733 496 795 Sed
524 735 548 794 si
570 735 757 795 reverendus
780 734 884 810 Pater,
914 732 994 792 sicot
1018 734 1050 793 ιιι
1071 733 1273 809 Resolutorio

352 825 383 881 et
404 817 496 894 alias,
538 837 606 879 meo
629 817 750 897 quidem
775 838 882 895 senen,
903 816 1006 876 lacere
1028 817 1152 897 nititur,
1183 818 1273 877 satis·

352 902 516 963 factionem
547 901 630 963 illam
663 901 726 962 fieri
758 900 930 972 ecclesiae,
962 899 1016 959 sed
1043 900 1143 960 Deum
1177 900 1275 961 talem

352 1004 485 1066 poenam
498 979 564 1047 non'
584 986 748 1063 requirere,
772 991 802 1045 et
815 1002 905 1062 quam
913 983 996 1043 Deos
1011 984 1155 1062 requirat,
1176 984 1275 1045 homo
1299 986 1303 994 “

352 1086 415 1129 non
437 1069 570 1145 auferat,
593 1076 700 1129 contra
722 1087 781 1148 ego
806 1085 952 1147 oppono:
981 1067 1082 1126 Primo
1106 1066 1189 1147 quod
1212 1067 1276 1126 Au-

347 1152 485 1233 gostinus
508 1152 540 1212 in
562 1150 739 1213 Euchiridio
762 1152 877 1231 inquit,
905 1168 972 1229 cap.
994 1152 1045 1213 71.
1073 1150 1208 1229 loquitur
1231 1150 1274 1211 de

348 1236 488 1296 oratione
510 1234 681 1295 dominicas
712 1235 802 1297 Delet
829 1235 955 1294 omnino
983 1234 1063 1293 haec
1094 1234 1193 1294 oratio
1217 1234 1274 1293 mi-

350 1321 433 1379 nima
455 1325 486 1378 et
507 1318 686 1397 quotidiana
707 1323 851 1397 peccata,
880 1316 963 1377 delet
984 1324 1015 1376 et
1035 1316 1098 1399 illa,
1122 1337 1141 1377 a
1163 1316 1276 1395 quibus

351 1403 413 1463 vita
445 1400 580 1461 fidelium
611 1400 760 1461 scelerate
795 1407 904 1479 gesta,
936 1398 991 1461 sed
1020 1392 1250 1479 poenitendo
1240 1420 1275 1460 ιιι

352 1476 459 1545 melius
483 1491 598 1545 mutata
620 1484 759 1545 discedit.
781 1484 841 1545 Ubi
863 1488 1000 1561 constat,
1023 1484 1193 1544 orationem
1218 1482 1276 1546 do·

351 1570 492 1629 minicam
527 1566 630 1627 delere
659 1568 793 1628 venialia
827 1573 858 1627 et
895 1567 988 1627 etiam
1015 1566 1170 1642 mortalia,
1207 1586 1274 1627 non

351 1648 453 1730 quoad
475 1651 606 1731 culpam,
626 1651 680 1711 sed
695 1650 797 1730 quoad
820 1668 963 1729 poenam,
985 1650 1057 1729 quia
1080 1613 1274 1728 poenitendo

350 1739 486 1809 mutata,
531 1753 610 1812 quae
645 1734 772 1794 mutatio
801 1733 965 1813 Augustini
993 1732 1122 1829 intelligi
1155 1735 1275 1812 nequit,

350 1818 408 1877 nisi
439 1816 478 1876 de
502 1818 671 1877 mutatione
693 1836 815 1897 poenae
837 1817 1012 1876 aeternae
1004 1836 1035 1875 ιιι
1058 1816 1274 1895 temporalem

433 1900 513 1977 Eos,
541 1902 592 1979 qui
618 1900 740 1961 fuerunt
770 1919 790 1958 a
811 1899 1042 1982 quadringentis
1073 1900 1177 1978 annis,
1207 1918 1274 1960 non

313 2006 318 2023 ·
351 1982 471 2044 adduco
495 1983 573 2043 buc.
585 1983 776 2044 Vuilbelmus
793 1983 983 2060 Parisiensis,
996 1981 1274 2043 Vuilhelmnsdlti·

350 2065 439 2142 siod,
462 2066 564 2145 quiid
585 2068 678 2145 pleno
702 2086 755 2127 ore
777 2064 939 2125 affirmant.
983 2063 1272 2145 Accedattlypria·

349 2169 411 2209 nus
428 2150 457 2209 io
481 2149 623 2229 Epistola
644 2148 683 2210 ad
704 2148 822 2226 Fidum,
845 2148 938 2208 ubi
914 2166 959 2207 src
979 2150 1038 2224 ait:
1070 2148 1214 2227 Legimus
1236 2149 1273 2208 li·

348 2238 430 2292 teras
453 2238 535 2310 tuas,
565 2234 720 2293 carissime
741 2233 854 2309 frater,
882 2230 991 2311 quibus
1022 2230 1202 2311 significasti
1231 2232 1273 2293 de

350 2314 484 2395 quodam
506 2314 633 2396 presbyt
634 2335 686 2377 ero
698 2316 834 2395 Victore,
857 2314 939 2395 quod
957 2315 1001 2394 ei,
1023 2320 1191 2412 antequam
1207 2314 1273 2394 ple-

350 2419 421 2460 nam
443 2400 664 2478 poenitentiam
688 2401 812 2480 egisset,
835 2399 1007 2459 etDomino
1029 2397 1138 2478 Deo,
1129 2419 1160 2458 m
1178 2417 1273 2478 quem

351 2479 541 2560 deliquerat,
511 2483 787 2558 tsatislecisset,
759 2490 930 2542 ttemere
950 2481 1119 2560 'therapius
1147 2481 1274 2562 collega

350 2583 557 2645 praepropere
578 2585 682 2645 pacem
706 2529 843 2628 dederat.
876 2564 987 2626 flios.
1010 2564 1182 2644 Cyprianus
1205 2584 1273 2626 non

352 2647 426 2708 dicit
448 2648 604 2708 Victorem
626 2649 777 2710 ecclesiae
803 2669 865 2710 non
899 2647 1101 2725 satisfecisse,
1128 2647 1183 2708 sed
1207 2647 1273 2756 Do·

357 2731 441 2792 mino
464 2731 578 2794 Deo

433 2813 517 2874 Idem
542 2814 712 2894 Cyprianus
735 2814 773 2874 ad
797 2813 972 2874 Cornelium
994 2778 1110 2890 Papam
1139 2810 1178 2871 de
1199 2811 1273 2873 hae·

352 2897 522 2958 retieisait:
550 2897 729 2974 Elaborant,
709 2903 785 2958 tut
806 2915 884 2989 opus
906 2916 993 2957 suom
1016 2893 1131 2955 diaboli
1152 2894 1274 2956 malitia

352 2986 575 3056 consumment,
597 3000 636 3041 ne
657 2942 835 3040 vulderatos
857 2979 962 3040 divina
983 2977 1177 3039 clementia
1168 2997 1200 3036 m
1224 2998 1273 3038 ec

352 3063 447 3123 clesia
468 3070 627 3124 suaouret.
650 3064 830 3124 Miserorum
874 3062 1071 3125 senitentiam
1095 3059 1272 3122 mendacio·

351 3166 416 3206 rum
438 3145 545 3206 fraude
566 3153 773 3226 corrumpunt,
794 3083 914 3207 nelleo
936 3144 1108 3224 indignanti
1129 3143 1271 3207 satisfiat.

353 3229 457 3306 Apert'
449 3223 552 3290 issima
581 3249 670 3290 sacer
694 3236 810 3325 martyr
829 3229 1002 3289 haereticos
1030 3229 1185 3306 increpat,
1219 3228 1271 3305 qui

352 3291 520 3390 poenitent
513 3332 573 3372 ram
587 3311 625 3373 ab
642 3312 774 3372 eeclesia
785 3313 952 3372 iniunctam
969 3308 1186 3372 existimabant
1206 3329 1272 3371 non

353 3412 422 3453 esse
443 3396 684 3458 satisfactionem
709 3395 778 3454 Dei.

435 3475 589 3551 Quamvis
603 3477 888 3540 reverendusPater
908 3477 984 3536 eitra
997 3474 1189 3536 modestiam
1204 3493 1272 3535 sae·

351 3559 420 3655 pius
441 3560 513 3619 mihi
534 3561 731 3642 improperet,
754 3579 840 3640 quaer
832 3559 1074 3638 scripturarum
1096 3563 1271 3618 sanctarum

351 3641 583 3721 intelligentiam
605 3665 668 3705 non
690 3643 804 3705 idonee
824 3647 969 3717 tractem,
991 3641 1030 3702 de
1052 3660 1113 3720 quo
1134 3640 1273 3703 iudicent

352 3725 446 3786 hodie
468 3725 620 3805 designati
597 3726 774 3804 tiudices,
803 3746 823 3785 ιι
825 3733 871 3786 ter
825 3688 1002 3786 treotlus
1026 3724 1066 3784 de
1087 3722 1149 3783 tide
1170 3732 1202 3783 et
1223 3743 1271 3784 sa·

354 3826 471 3868 orarum
494 3807 715 3886 scripturarum
738 3829 829 3870 sensu
848 3808 979 3868 sentiat:
1001 3814 1153 3884 attamen,
1176 3825 1271 3886 quan·

353 3898 416 3970 turp
446 3910 504 3972 ego
536 3891 642 3967 video,
684 3893 818 3952 universi
861 3909 1015 3950 sacrarum
1050 3888 1270 3970 Scripturarum

353 3978 532 4034 tractatores
554 3975 585 4032 in
607 3974 881 4034 bonosententiam
903 3973 1102 4036 descendunt.
1126 3972 1175 4032 Ad
1198 3973 1271 4050 quid

353 4056 434 4143 enim
456 4055 589 4117 ecclesia
610 4057 703 4117 vellet
723 4059 882 4138 imponere
903 4056 966 4127 tale
986 4075 1064 4123 onus
1081 4075 1179 4138 grava
1195 4075 1270 4137 poe-
