3075 4775
404 614 406 621 .
471 575 528 631 turs
547 573 653 646 utpute
671 576 821 647 uspersus
840 592 856 630 a
877 577 949 633 nx.
1109 574 1180 643 ’269
1229 601 1231 607 ,

260 766 385 820 nostrae
415 757 547 821 iustitiae
579 762 673 822 modo
701 760 861 843 pensanda
888 769 945 823 est.
986 762 1066 825 Sunt
1096 765 1177 825 enim

161 892 164 899 .
264 841 354 924 plene
377 849 410 903 et
430 864 505 924 pure
525 847 606 922 iusti,
627 849 718 905 etiam
740 846 796 906 Dei
820 845 943 907 iudicio.
973 846 1087 907 Verum
1109 866 1178 924 nos,

260 926 331 1004 qnia
357 928 389 985 in
419 935 547 1009 peccato
576 931 638 989 nati
668 938 698 988 et
726 937 886 1009 peceatum
918 929 1002 989 velut
1040 939 1179 991 naturam

166 1078 168 1083 Ι
257 1007 354 1069 induti
384 1010 451 1069 sine
472 1017 601 1091 peccato
625 1015 686 1072 non
709 1032 832 1093 sumus,
865 1011 967 1073 donec
988 1012 1104 1073 similes
1126 1034 1179 1074 au·

259 1091 336 1171 gelis
360 1096 482 1156 erimus.

342 1175 476 1237 Primum
504 1185 604 1239 sutem
634 1196 690 1258 pro
712 1196 762 1239 me
786 1178 867 1241 lacit.
910 1178 988 1238 Nem
1012 1177 1083 1239 ideo
1105 1178 1179 1256 dixi,

261 1256 377 1318 nullum
401 1278 470 1319 esse
491 1250 650 1341 pedcatum
677 1269 787 1321 natura
807 1280 863 1322 sua
884 1261 1015 1337 veniale,
1038 1261 1091 1321 sed
1115 1281 1178 1322 om-

261 1342 311 1400 nia
340 1341 533 1406 damnabilia.
585 1343 687 1419 Quod·
704 1352 807 1405 autem
836 1345 969 1405 venialia
997 1351 1083 1423 sunt,
1121 1345 1178 1404 Dei

262 1426 381 1503 gratiae
399 1428 495 1505 (quae
517 1427 807 1508 magnipendenda
828 1433 892 1504 est)
916 1426 1108 1489 tribuendum
1122 1437 1178 1488 est.

260 1505 334 1568 ldeo
359 1528 400 1567 ne
427 1509 686 1592 parvipendatur
715 1510 837 1572 divinoe
864 1511 1032 1572 maiestatis
1065 1512 1178 1570 miseri-

260 1590 375 1674 cordia,
398 1611 526 1654 neeesse
548 1600 595 1654 est
615 1594 749 1655 venialia
769 1603 900 1675 peccata
923 1596 1046 1655 maximi
1068 1594 1177 1655 iacere.

406 1772 568 1835 Rationem
592 1775 683 1835 etiam
706 1773 855 1834 addemus
877 1774 1038 1837 dictorum.

340 1926 478 1988 Necesse
510 1931 559 1985 est
590 1924 651 1987 boc
685 1926 862 1988 mandatum
890 1929 1025 2009 impleri:
1058 1928 1185 2007 Diliges·

260 2009 425 2071 Dominum
450 2009 546 2069 Deum
570 2015 652 2069 tuum
676 2028 716 2071 ex
738 2018 805 2074 toto
829 2011 939 2090 corde,
962 2032 1002 2073 ex
1024 2018 1090 2073 tota
1111 2012 1176 2074 ani·

259 2113 307 2155 ma
331 2099 394 2172 tua,
417 2112 457 2153 ex
478 2094 551 2155 totis
574 2092 702 2173 viribus,
731 2096 775 2155 ita
797 2101 830 2153 ut
849 2114 910 2155 neo
930 2096 995 2156 iota
1017 2114 1074 2157 nec
1096 2114 1177 2175 apex

257 2182 477 2257 praetereatur.
514 2176 556 2237 At
578 2194 646 2238 cum
670 2196 708 2237 ex
730 2178 884 2256 Apostolo
907 2176 1037 2240 Romen.
1059 2178 1088 2245 7.
1110 2198 1179 2259 pro·

257 2260 454 2338 baverimus‚
481 2266 640 2339 peccatum
664 2266 696 2323 et
725 2262 1006 2341 concupiscentiam
1029 2265 1059 2322 in
1083 2282 1178 2324 mem·

257 2341 318 2405 bris
342 2361 516 2425 repugnare
537 2341 599 2424 legi
623 2341 696 2418 Dei,
723 2343 838 2406 olorum
863 2352 926 2423 est,
956 2345 1039 2426 quod
1061 2364 1119 2411 neo
1140 2364 1179 2408 ex

256 2433 322 2489 toto
348 2425 452 2506 corde,
473 2445 532 2486 neo
554 2445 593 2486 ex
615 2432 681 2488 tota
702 2428 815 2506 anima,
837 2447 895 2489 nec
910 2450 950 2490 ex
972 2431 1044 2492 totis
1067 2428 1180 2492 viribus

160 2551 161 2558 ι
256 2509 387 2592 diligere
416 2510 493 2570 ullus
523 2511 630 2590 possit.
673 2509 732 2571 Ubi
761 2513 844 2571 enim
876 2514 1127 2594 concupiscentie
1148 2515 1178 2572 in

257 2593 364 2671 eorde,
387 2595 426 2672 in
441 2593 560 2670 anima,
581 2594 611 2651 in
634 2592 749 2653 viribus
770 2602 827 2674 est,
848 2595 891 2656 ibi
908 2616 971 2657 uon
995 2603 1093 2656 totum
1116 2614 1180 2672 oor,

254 2697 318 2738 uon
343 2681 411 2737 tota
432 2678 550 2752 anima,
589 2695 652 2737 uon
685 2674 778 2738 totee'
794 2679 873 2738 vires
897 2678 1045 2760 diligunt,
1066 2696 1104 2741 ao
1125 2697 1181 2758 per

160 2783 161 2793 ¹
255 2761 316 2822 boo
339 2765 457 2821 tantum
478 2767 628 2840 peccant,
661 2767 808 2840 quantum
835 2759 877 2821 ibi
898 2761 1018 2841 relique
1039 2769 1086 2822 est
1107 2780 1195 2835 oon,

257 2845 458 2925 cupiscentic,
482 2849 717 2922 senpeccatum.
741 2845 844 2923 Atque
865 2845 1073 2906 oicDeuahoc
1094 2861 1181 2923 prae-

257 2934 350 3010 cepto
374 2943 483 2988 omnes
506 2924 563 2987 sub
586 2936 715 3006 peccato
745 2934 830 2988 tenet
851 2928 1025 3008 conclusos,
1054 2935 1088 2987 ut
1116 2945 1179 2988 om·

160 2999 161 3022 ³
255 3013 341 3072 ninrn
364 3011 554 3071 misereatur.
649 3039 652 3044 Δ

341 3094 456 3153 Verum
478 3094 661 3154 invenerunt
692 3093 742 3154 hic
763 3095 919 3176 glossam,
949 3114 1010 3175 qua
1037 3097 1069 3154 in
1098 3092 1181 3152 mille

256 3177 347 3239 annis
370 3177 423 3236 rix
444 3175 516 3238 data
537 3183 586 3237 est
604 3176 814 3256 pestilentior,
842 3178 968 3253 scilicet,
992 3177 1074 3258 quod
1095 3175 1181 3249 Dens

256 3279 320 3322 non
352 3260 478 3342 requirit
499 3257 665 3341 perlectam
693 3261 908 3340 impletionem
930 3263 1018 3323 huius
1049 3267 1081 3321 et
1102 3260 1212 3321 simi-¹·

256 3344 330 3405 linm
354 3343 468 3424 legum,
491 3361 559 3404 cum
581 3342 718 3404 Christus
741 3344 824 3405 clare
839 3344 931 3426 dicat,
953 3363 1011 3406 nec
1027 3346 1102 3422 iota,
1124 3361 1195 3404 nec·

256 3429 379 3508 apicem
402 3447 421 3487 a
441 3427 523 3508 Lege
544 3427 801 3506 praetereundum
824 3427 867 3512 ¹).
910 3428 983 3490 ldeo
1014 3426 1181 3490 timendum

223 3565 226 3574 .
256 3519 319 3590 cst,
347 3512 425 3572 istos
453 3509 596 3571 doctores
628 3527 696 3570 esse
723 3512 803 3576 inter
831 3515 903 3590 eos,
930 3531 1007 3591 quos
1040 3511 1183 3572 describit

257 3595 408 3671 Christus,
431 3591 552 3654 diceus:
588 3591 648 3667 Qui
670 3613 743 3674 ergo
767 3595 898 3655 solverit
922 3615 1015 3655 unum
1038 3595 1077 3656 de
1099 3613 1186 3654 man·-

256 3677 335 3738 datis
357 3678 424 3738 istis
447 3677 600 3755 minimis,
622 3684 655 3737 et
675 3680 720 3736 sic
740 3677 881 3738 docuerit
902 3678 1062 3757 homines,
1095 3679 1203 3750 mini-¹

258 3779 325 3820 mus
347 3760 508 3821 vocabitur
527 3761 559 3819 in
581 3779 677 3840 regno
701 3761 869 3822 coelorum.
890 3761 963 3824 Non
982 3781 1058 3843 ergo
1081 3762 1181 3821 dicen·

259 3843 330 3904 dum
354 3849 419 3905 est:
459 3843 542 3905 Deus
565 3863 627 3905 nou
649 3846 776 3924 requirit
798 3845 966 3924 perlectum
988 3844 1183 3920 mandatum-‚1

294 4105 326 4173 1)
347 4105 376 4158 ln
397 4105 440 4208 eq.
460 4107 546 4174 arip:
566 4104 775 4174 praetereunda.
