3075 4775
340 517 406 587 216
532 518 687 587 Disputatio
705 516 815 585 Lipsiae
832 517 928 569 babitu
945 479 972 571 ιι,Ι
992 513 1053 567 XIX

338 706 421 767 enim
444 704 584 784 quaestio
608 708 670 782 est,
702 722 742 765 en
764 702 849 763 Deus
875 709 1037 784 peecatum
1064 701 1192 763 inultum
1216 698 1263 759 di-

339 790 455 865 mittat,
488 786 570 867 quod
599 787 673 847 satis
705 786 833 867 copiose
853 785 999 867 probavi,
1032 785 1088 846 ssd
1115 805 1154 844 cn
1175 803 1264 863 papa

339 872 389 933 vel
418 871 552 933 ecclesis
576 871 730 948 remittet,
769 890 846 950 quas
880 888 998 949 poenas
1026 870 1111 929 Deus
1143 869 1263 947 exiget.

338 956 385 1017 De
407 955 469 1017 boc
489 953 566 1015 nibil
589 953 745 1033 probavit,
777 953 862 1033 quod
882 951 1023 1032 relinquo
1047 952 1161 1013 iudicio
1183 950 1263 1011 iudi·

339 1058 409 1107 cuns
431 1045 463 1100 et
485 1038 621 1101 omniurn
644 1037 829 1099 auditorum.

420 1122 535 1197 Tertio,
558 1119 686 1183 obticuit
706 1120 800 1181 hodic
822 1119 994 1217 Scripturas
1017 1127 1157 1197 sanctas,
1186 1117 1262 1178 ideo

338 1206 418 1267 sto
410 1226 441 1265 ιιι
465 1206 530 1265 eius
553 1202 737 1284 probatione
759 1204 905 1265 besterna
925 1204 1032 1283 prime,
1054 1222 1094 1262 ex
1115 1202 1213 1263 Gerre
1231 1203 1262 1276 3,

338 1288 391 1349 ubi
412 1283 564 1369 probasii,
584 1307 704 1367 poenas
725 1289 838 1367 requiri
861 1306 881 1347 a
902 1287 980 1364 Deo,
1002 1305 1079 1365 quas
1100 1286 1143 1347 ibi
1159 1285 1262 1364 Scrip-

339 1378 407 1435 tura
429 1371 565 1433 ostendit
585 1370 820 1433 irremissibiles.
860 1371 972 1448 Doleo,
993 1369 1134 1449 quodD.
1156 1369 1195 1428 D
1218 1370 1264 1427 ita

338 1454 490 1535 profunde
517 1461 660 1535 penetrat
687 1454 878 1535 Scripturas,
913 1454 991 1513 sicut
1028 1453 1125 1533 tipnla
1151 1470 1263 1531 equos,

338 1538 401 1599 imo
424 1537 545 1599 videtur
570 1536 724 1618 fugeres
751 1538 973 1614 ieciecurum,
1009 1536 1089 1613 sicut
1117 1535 1262 1595 diabolus

339 1638 469 1698 p.ruoem
513 1619 624 1699 Quare,
647 1621 739 1681 salvis
761 1621 942 1681 reverentiis
963 1606 1099 1697 Polrurn,
1118 1619 1262 1699 praefero

341 1723 400 1849 egbo
423 1705 619 1765 autoritatem
642 1704 835 1785 Scripturas,
869 1703 953 1783 quod
976 1701 1163 1765 commendo
1184 1702 1262 1762 iudi·

340 1806 368 1849 ot
391 1806 426 1847 us
448 1787 565 1849 bituris.

689 1956 914 2028 Eccius.

423 2105 503 2183 Quia
535 2106 699 2187 impatiens
738 2108 908 2169 monachus
941 2107 1079 2167 scurrilia
1109 2106 1263 2184 quaedam

340 2188 469 2271 eddidit,
490 2194 613 2271 praeter
633 2191 816 2271 gravitatem
834 2190 1051 2271 theologicam,
1074 2189 1113 2257 de
1135 2208 1197 2268 quo
1219 2190 1265 2248 in-

341 2274 418 2354 tegri
442 2274 497 2333 viri
518 2273 673 2351 iudicent,
687 2294 727 2335 an
749 2282 834 2335 recte
855 2273 1026 2334 induxerim
1050 2278 1159 2333 contra
1182 2292 1265 2348 eum,

339 2357 457 2418 iudices
478 2356 666 2420 iudicabunt.
711 2357 772 2420 sed
800 2358 883 2419 banc
909 2356 1004 2418 fuisse
1027 2357 1187 2417 materiam
1211 2376 1265 2417 no·

340 2447 449 2519 stram,
481 2448 566 2522 petet
596 2461 635 2501 ex
657 2441 916 2506 Conclusionel.
941 2439 1060 2518 dicere,
1096 2440 1194 2499 Deum
1218 2460 1263 2500 re·

341 2524 409 2621 rnitt
383 2522 492 2584 tiendo
517 2503 639 2604 culpans
667 2526 823 2585 remittere
844 2543 979 2604 poenam
1002 2530 1061 2584 etc.
1106 2523 1175 2584 Hoc
1195 2528 1265 2582 erut

340 2603 447 2668 saxum
471 2626 604 2686 pernes
627 2607 833 2682 volvendum,
870 2615 900 2667 ct
928 2607 999 2686 quia
1020 2606 1153 2701 prpefcrt
1174 2614 1262 2665 eutc-

340 2690 461 2752 ritatem
484 2708 593 2752 sacrae
616 2690 790 2770 scripturae
802 2689 956 2769 Patribus,
981 2689 1067 2768 quasi
1080 2689 1156 2767 ipse
1178 2688 1266 2748 velut

339 2773 469 2834 alterum
494 2773 651 2834 oraculum
669 2773 822 2854 Apollinis
853 2773 938 2834 aolus
960 2771 1073 2833 hebeat
1094 2771 1196 2851 Script
1196 2792 1264 2832 uro
1361 2838 1365 2847 K

340 2857 407 2919 runt
428 2856 847 2937 intelligentiam,tultrafl.
869 2857 995 2934 Patres,
1024 2862 1055 2915 et
1074 2862 1264 2934 apparenter

332 2940 458 3022 ¹inducit
479 2942 674 3000 autoritatem
697 2940 763 3000 heri
785 2959 841 3020 per
858 2959 907 2998 mc
930 2940 1063 2999 citatum.
1086 2938 1164 2998 Dico
1189 2938 1262 3002 duc.

422 3021 524 3084 Primo
558 3043 606 3084 mc
628 3023 829 3083 adduxisse'
820 3043 852 3082 ru
880 3042 948 3083 eum
972 3021 1136 3117 ιιιιιιιιιμιι
1102 3028 1264 3082 uostcn-

340 3104 427 3165 dcret
415 3112 473 3174 tur,
497 3125 565 3166 cum
588 3097 700 3186 impius
723 3107 885 3167 avertisset
906 3125 941 3166 se
962 3105 1031 3165 ab
1023 3106 1127 3164 rniuetr
1119 3105 1172 3164 tie
1194 3124 1262 3178 suc,

341 3189 440 3248 Deum
469 3188 569 3249 adhuc
599 3190 770 3268 recordari,
803 3208 865 3250 non
898 3169 1002 3268 quo'ad
1034 3187 1173 3283 culpam,
1206 3187 1263 3247 sed

235 3295 240 3306 ·
340 3271 443 3414 quoad
465 3291 610 3352 poenam,
633 3272 716 3352 quod
737 3273 812 3334 facit
799 3279 889 3353 ipro
902 3271 1054 3333 Scbclest'
1034 3271 1103 3332 trois
1115 3278 1157 3330 et
1172 3271 1262 3330 Prae-

391 3354 476 3420 antib
478 3375 521 3418 us

340 3354 390 3442 ἀφ
423 3437 583 3517 Secunde,
612 3458 681 3498 eum
703 3438 890 3509 reverendus
911 3407 1002 3497 Pater
1022 3435 1153 3496 reflectit
1117 3442 1263 3497 tt-cuto

339 3521 411 3581 ritat
399 3528 461 3581 tem
483 3521 567 3581 illam
590 3529 664 3582 cont
665 3542 698 3581 re
719 3542 785 3599 me,
814 3523 887 3600 quia
908 3539 1030 3600 poenae
1051 3509 1131 3580 istce
1153 3539 1172 3578 a
1193 3520 1262 3579 Deo

341 3612 470 3686 peceato
493 3603 581 3665 Adue
607 3605 773 3685 impositae
802 3606 863 3665 sint
883 3602 1108 3663 irremissibiles
1136 3622 1152 3662 c
1177 3603 1263 3683 Popo
1375 3618 1377 3627 ’

340 3693 371 3747 ct
391 3686 561 3766 homine,
559 3697 672 3748 verum
696 3696 758 3765 est,
789 3695 820 3748 ct
840 3687 948 3748 f.cteor
991 3685 1070 3760 Quia
1091 3686 1170 3746 istae
1191 3694 1263 3745 sunt

341 3787 481 3849 poenae,
513 3788 592 3849 qucc
623 3790 688 3832 non
708 3771 815 3831 solum
831 3770 1061 3849 consequuntur
1086 3788 1263 3848 personam,

342 3851 397 3917 sed
421 3851 532 3912 etiam
538 3861 766 3932 consequuntur
787 3860 947 3931 naturum,
977 3860 1009 3912 et
1032 3871 1106 3931 ergo
1129 3871 1193 3912 non
1216 3858 1263 3912 est

341 3935 467 4014 mirum,
503 3934 586 4012 quod
614 3937 692 3995 istae
720 3956 842 4017 poenae
875 3935 1201 3998 sunttir1·emissibiles
1223 3934 1262 3996 ab

295 4019 297 4026 ’
341 4015 484 4098 bomine,
506 4016 562 4078 sed
583 4037 638 4098 per
659 4018 721 4082 boe
743 4039 808 4126 nou
829 4018 994 4100 probatur,
1015 4037 1135 4100 poenas
1156 4036 1262 4098 perso·
