3075 4775
449 567 508 623 stris
530 565 635 640 Lipsiae
654 562 802 640 disputatis
819 588 844 626 a.
863 566 935 627 xit.
1100 566 1166 641 257

232 763 276 817 .ut
295 774 394 838 neges
423 774 533 817 omues
564 756 661 817 terme
692 750 788 817 libros
810 757 844 818 B.
868 758 1032 839 Augustini
1060 768 1169 821 oontm

244 840 432 921 Pelagianos
455 839 566 922 editos,
588 842 640 919 'qui
661 846 744 901 totus
754 860 811 920 per
824 843 929 901 omnia
948 842 980 901 iu
1001 842 1082 903 hene
1098 863 1167 904 aeu-

244 925 372 984 tentism
394 922 544 1003 prooedit

326 1006 474 1086 Sequitur
492 1024 584 1086 ergo,
606 1004 687 1065 hane
701 1022 766 1065 non
788 1023 859 1066 esse
873 1005 1029 1067 doctinam
1045 1027 1169 1089 novam,

244 1096 276 1151 ut
296 1090 411 1151 Eooius
427 1088 659 1167 ,calumniatum
694 1087 748 1149 sed
770 1086 855 1149 Edoii
874 1091 1062 1169 propositio,
1096 1110 1168 1153 oon

244 1175 338 1234 trarie
360 1164 449 1250 huie,
487 1178 534 1233 est
548 1190 654 1233 novus
676 1178 708 1231 et
731 1176 820 1232 ustus
842 1192 944 1251 error,
966 1172 1006 1233 ad
1027 1174 1168 1237 haeresin

244 1259 407 1337 pertinens
430 1255 681 1336 Pelagianorum,
720 1273 779 1315 neo
812 1257 977 1317 eonsilium
1006 1258 1167 1337 quidquem

246 1348 357 1401 oontre
378 1348 513 1402 statuere
529 1337 632 1417 habet,
654 1338 712 1399 nisi
725 1338 801 1399 velit
820 1358 932 1416 errare,
957 1340 1036 1400 siout
1047 1342 1170 1421 saepius

246 1424 326 1487 lesit.

561 1551 782 1629 Conclusio
804 1554 842 1617 ll.

255 1710 263 1723 ι
330 1674 366 1735 ln
389 1673 472 1734 bono
488 1692 617 1753 pensare
630 1674 798 1751 hominem,
820 1681 852 1734 et
862 1681 1022 1754 peooetum
1045 1677 1167 1737 veniale

250 1776 311 1819 non
335 1764 447 1818 natura
468 1775 540 1835 sua,
577 1757 633 1817 sed
653 1756 710 1818 Dei
744 1758 954 1818 miserieordia
976 1759 1076 1820 solum
1098 1780 1168 1822 esse

247 1841 325 1918 tels,
358 1848 412 1901 aut
438 1842 468 1899 in
490 1859 587 1921 puero
613 1846 686 1920 post
715 1840 898 1920 baptismum
926 1848 1087 1921 pausatum
1121 1863 1169 1904 re-

247 1943 376 1985 msnens
405 1942 537 2003 negare,
570 1924 630 1983 hoo
660 1930 709 1983 est
728 1924 927 1984 Paulumeat
948 1925 1099 1985 Christum
1122 1946 1168 1986 se-

248 2007 307 2068 mel
331 2007 525 2069 eoneulosre
635 2028 642 2041 ·
755 2057 757 2062 s

331 2090 406 2151 'l'ria
418 2093 478 2150 ista
492 2088 651 2149 oonolus'm
666 2088 908 2168 eomprehendit,
920 2108 991 2150 esse
1006 2098 1166 2170 peecatum

249 2175 387 2236 inbono
409 2192 521 2253 opere,
554 2172 666 2233 deinde
686 2178 847 2252 peeoatum
870 2192 934 2233 non
955 2184 1078 2252 natura,
1111 2176 1166 2237 sed
1245 2181 1256 2195 ‘

161 2332 162 2335 Ἴ
251 2256 465 2335 misericordia
498 2256 555 2317 Dei
589 2274 658 2316 esse
693 2256 833 2336 veniale,
862 2263 894 2317 et
913 2266 1074 2337 peooatum
1096 2269 1169 2341 post
1238 2266 1242 2273 ’

161 2346 163 2398 ἴ
248 2340 435 2424 baptismum
456 2356 626 2401 remanere.

162 2447 163 2460 ¹
505 2423 703 2510 Primum-ite
723 2423 915 2484 ostenditur:

329 2506 405 2568 Eas.
427 2509 485 2572 64:
514 2507 555 2567 Et
574 2506 646 2567 laeti
668 2523 772 2566 sumus
792 2506 940 2567 immundi
968 2527 1076 2570 omnes
1098 2529 1166 2588 uos,

247 2597 277 2652 et
299 2592 392 2672 quasi
414 2609 534 2670 pennus
555 2597 763 2652 menstruatae
777 2591 938 2650 universes
958 2592 1092 2652 iustitiae
1112 2613 1166 2654 no-

162 2675 163 2678 ’
247 2683 341 2735 strae.
362 2673 449 2734 Heso
469 2674 521 2735 vel
532 2673 601 2734 sols
617 2673 765 2734 autoritas
777 2669 917 2732 obstruet
937 2676 1072 2735 omnium
1095 2694 1167 2735 oon-

249 2757 451 2818 tradiotorum
474 2776 509 2818 os
531 2764 563 2818 et
584 2757 698 2838 gulam,
721 2775 790 2816 oum
812 2757 853 2816 sit
872 2757 1075 2835 apertissima,
1096 2777 1167 2818 esse

246 2860 303 2902 nos
323 2859 434 2902 omnes
456 2840 643 2918 immundos,
664 2847 697 2900 et
717 2859 781 2900 non
803 2838 896 2900 modo
919 2838 1091 2919 iniustitias,
1110 2841 1166 2901 sed

244 2925 378 2986 iustitias
400 2941 524 3004 quoque
548 2931 670 2984 nostras
692 2922 776 3005 apud
798 2924 906 2983 Deum.

330 3007 394 3069 Sed
415 3008 497 3086 seio,
528 3007 601 3087 quid
628 3006 679 3066 hio
700 3006 823 3067 soleant
843 3024 1016 3086 opponere,
1047 3006 1166 3067 scilieet

243 3092 430 3173 prophetem
450 3091 535 3170 loqui
558 3089 597 3150 de
618 3090 732 3150 iustitia
753 3095 876 3167 nostra,
907 3108 987 3168 quae
1022 3107 1063 3149 ex
1095 3089 1166 3171 lege

245 3182 307 3254 est,
333 3194 425 3254 quam
448 3173 608 3256 apostolus
631 3190 754 3252 quoque
775 3172 909 3234 demunt.
951 3173 1080 3233 lobene
1100 3192 1167 3234 sea·

243 3259 372 3320 tentiam
411 3264 442 3317 et
477 3257 513 3322 D.
545 3257 751 3337 Hieronymus
785 3256 896 3317 sedere
933 3253 1062 3316 videtur.
1104 3256 1165 3318 Sed

243 3341 339 3404 verba
360 3340 531 3422 prophetae
561 3345 635 3400 suut
662 3339 851 3417 menifeste‚.
874 3339 1009 3418 loquitur
1029 3341 1111 3400 euim
1133 3343 1165 3401 in

243 3443 381 3505 persono
405 3443 462 3485 sua
481 3431 514 3485 et
533 3425 626 3485 totius
646 3422 747 3484 fidelis
768 3422 892 3504 populi,
926 3423 979 3500 qui
999 3440 1062 3483 non
1083 3425 1166 3485 iusti·
1269 3436 1272 3441 ’

247 3511 290 3570 tia
313 3509 404 3589 legis,
428 3506 483 3568 sed
504 3509 622 3588 gratias
643 3507 715 3566 iusti
738 3513 839 3584 erant,
866 3504 1018 3584 siquidem
1046 3513 1078 3568 et
1106 3509 1164 3588 ipsi

242 3592 376 3655 eandem
400 3609 502 3652 essem
525 3590 798 3667 manduosverunt,
819 3596 853 3649 et
872 3585 1001 3648 eundem
1024 3591 1162 3670 spiritum

242 3675 313 3737 fidei
347 3673 535 3753 habuerunt,
569 3680 603 3734 ut
622 3671 793 3753 Apostolus
820 3669 902 3735 dioit
941 3670 1051 3752 Neque
1082 3675 1167 3735 em'm

241 3760 358 3820 iustitia
380 3759 459 3838 legis
478 3755 642 3818 nonfltetur
662 3756 730 3816 Deo
760 3757 792 3814 in
814 3753 998 3835 hnmilitate,
1032 3775 1094 3818 non
1116 3766 1168 3818 eet

242 3843 419 3904 aoousatrix
441 3843 490 3902 sni
511 3842 542 3900 in
566 3839 733 3920 principio,
767 3836 822 3897 sed
855 3835 962 3897 inflata
981 3848 1109 3901 exonsat
1128 3859 1164 3900 se

241 3935 272 3987 et
290 3925 452 4002 instillent,
491 3929 587 4003 que're
619 3923 714 3984 solius
747 3920 866 4002 gmtiee
899 3921 1090 3983 iustilloantis
1113 3929 1163 3982 est

241 4013 343 4074 disere
366 4019 397 4073 et
418 4007 568 4085 confiteri,
593 4023 663 4066 sese
675 4021 743 4064 esse
759 4004 948 4065 immundum
970 4007 1160 4085 etiniquum.

323 4096 484 4170 donando,
523 4107 587 4150 non
629 4087 717 4166 dieit,
757 4087 891 4147 iustitiae
931 4095 1070 4165 nostrae,
1110 4095 1165 4148 aut

266 4210 359 4252 tntusrt
373 4220 425 4260 opp.
439 4209 466 4251 V.
480 4209 506 4248 Δ.
523 4207 553 4247 ad
565 4205 601 4246 re‘
779 4203 800 4238 ⁴..
815 4203 855 4242 111.
958 4174 996 4233 17
