3075 4775
261 542 264 547 ’
367 538 431 606 160
564 539 723 612 Disputatio
741 543 850 612 lipiiae
871 540 966 597 habita
984 560 1009 597 a.
1029 541 1093 597 xlx

369 735 501 795 maiores
529 731 687 795 molestias
715 732 829 793 sentiat
862 736 951 791 extra
973 748 1085 810 corpus
1106 732 1138 791 iu
1163 731 1296 796 animai

369 817 441 896 quid
462 818 556 896 iuvat,
578 818 605 877 si
634 815 760 893 quiesco
784 811 918 889 sistri,
942 821 974 875 et
994 814 1122 875 infestor
1142 814 1297 883 ¹calculo?

450 901 619 965 DeChristi
640 898 743 977 quiete
765 896 849 957 aliud
864 904 921 973 cst,
943 898 1202 961 resurrectionem
1226 898 1298 961 abs·

368 1002 428 1063 que
449 984 646 1065 corruptione
667 988 878 1060 exspectante.
902 980 988 1041 Beati
1010 998 1103 1061 crgo,
1121 983 1177 1061 ‚qui
1201 984 1297 1044 mori-

369 1074 459 1127 untur
479 1068 508 1127 in
533 1067 677 1128 Domino.
702 1063 763 1125 Sed
786 1064 853 1143 quis
876 1063 1010 1123 dicturus
1033 1071 1081 1125 est
1102 1083 1220 1145 corpus
1243 1066 1307 1127 be-'

353 1157 449 1222 ,atum
472 1151 530 1210 nisi
552 1170 607 1230 per
627 1146 862 1209 redundantiam
881 1148 1002 1207 animae
1025 1148 1056 1207 in
1080 1147 1218 1227 corpus?
1242 1148 1297 1211 Sic

367 1232 406 1294 de
427 1235 461 1295 B.
484 1233 652 1313 Stephano,
673 1232 725 1317 qui
747 1231 780 1290 in
802 1230 936 1291 Domino
959 1228 1153 1291 obdormivit.

448 1318 590 1395 Demum,
611 1315 718 1394 inquit,
740 1332 789 1373 me
811 1319 917 1392 petere
938 1314 1141 1394 principium:
1165 1314 1247 1377 Sunt
1266 1317 1298 1376 in

367 1418 461 1479 pace,
488 1407 520 1460 et
546 1407 648 1461 tamen
682 1397 727 1457 sis
750 1397 881 1477 petimus
902 1415 1021 1476 pacem.
1064 1396 1105 1457 Et
1127 1398 1206 1476 quia.
1225 1399 1299 1459 ridi·

369 1483 471 1543 culum
494 1490 550 1562 est,
573 1482 685 1542 referre
707 1499 816 1559 pacem
835 1479 970 1540 habitam
993 1478 1032 1539 ad
1046 1498 1168 1560 corpus,
1191 1484 1298 1562 sequi·
1325 1514 1331 1525 .

373 1572 430 1642 tur,
452 1566 535 1626 illam
559 1584 628 1625 esse
650 1565 680 1623 in
703 1565 806 1622 anima
827 1564 985 1623 scientiam
1009 1564 1192 1625 securitatis.

451 1646 542 1723 Quod
575 1649 634 1727 ait,
663 1666 698 1707 se
720 1666 776 1707 sua
797 1645 928 1725 probare
957 1664 1020 1707 non
1042 1666 1151 1726 posse,
1181 1657 1297 1729 reputo

369 1732 573 1810 verissimum,
592 1736 701 1791 contra
721 1730 774 1789 alii
796 1749 852 1790 sua
873 1728 1015 1812 probant,
1039 1731 1178 1809 quamvis
1201 1734 1298 1812 perti·

370 1834 432 1875 nax
453 1823 487 1876 et
506 1815 682 1875 cervicosus
704 1812 796 1874 etiam
820 1811 1134 1874 demonstrationibus
1157 1832 1223 1875 non
1245 1835 1297 1877 ac·

370 1901 517 1977 quiescat,
539 1899 611 1977 quin
633 1916 756 1977 semper
766 1894 976 1972 contenderet,
999 1913 1061 1956 non
1084 1896 1297 1963 essedemon-

368 1983 559 2059 strationem,
581 1980 665 2042 velut
685 1979 853 2059 Gregorius
875 1979 1003 2041 Arimin.
1026 1985 1057 2039 et
1079 1980 1186 2041 Petrus
1211 1982 1297 2043 Atia-

368 2066 469 2125 censis
477 2064 635 2125 Aristoteli
656 2063 773 2134 faciunt
793 2064 824 2121 in
842 2052 1017 2123 ‘rationibus
1039 2061 1078 2122 de
1100 2064 1200 2144 primo
1226 2085 1296 2126 mo-

369 2153 436 2208 tore
458 2150 489 2207 in
510 2153 538 2212 7.
563 2153 596 2208 et
616 2148 645 2209 8.
668 2146 877 2225 Physicorum.
921 2141 1026 2218 Quare
1043 2164 1109 2207 cum
1133 2150 1295 2209 communi

370 2229 521 2295 concludo
550 2231 717 2308 sententia,
751 2236 783 2289 et
813 2230 844 2289 in
866 2230 1044 2309 purgatorio
1073 2232 1205 2311 gratiam
1230 2251 1296 2293 non

371 2315 493 2396 augeri,
515 2317 547 2375 et
568 2329 621 2375 eas
644 2320 742 2373 certas
765 2331 835 2375 esse
857 2310 896 2372 de
919 2290 1031 2377 salute.
1072 2338 1083 2351 ν

688 2480 733 2540 lle
754 2468 968 2562 indulgentiis.

339 2605 343 2611 '
372 2631 442 2719 Die
463 2623 783 2712 undecimalulii,
804 2650 903 2711 quae
924 2631 1001 2692 fuit
1021 2629 1299 2727 diesbunae').
1373 2613 1377 2624 ⁵

758 2797 911 2859 Ecmus

435 2937 467 2995 in
490 2933 614 3015 primis,
638 2939 803 3010 antequam
827 2932 1012 2994 descendam
1035 2933 1067 2995 in
1089 2935 1169 2995 hanc
1192 2934 1297 3017 dispu-

374 3019 523 3080 tationem
545 3015 813 3096 indulgentiarum,
835 3023 998 3097 protestor,
1021 3037 1083 3079 non
1099 3037 1168 3078 esse
1183 3021 1297 3081 mentis

243 3093 247 3099 ’
275 3087 283 3101 ’
328 3135 333 3140 ·
372 3122 482 3180 meae,
504 3107 557 3162 aut
576 3099 784 3179 propositum,
815 3100 893 3160 velle
915 3100 974 3162 hac
995 3120 1065 3166 mea
1086 3091 1305 3182 disputatione

373 3186 587 3249 contravenire
602 3180 749 3242 mandatis
773 3183 883 3243 summi
896 3181 1063 3263 Pontificio,
1085 3183 1194 3264 quibus
1211 3205 1297 3247 man-

371 3268 474 3333 datin
498 3267 622 3328 decreto
644 3267 823 3345 incipiente:
853 3265 929 3327 (lum
951 3274 1135 3347 postquam,
1157 3287 1222 3328 non
1246 3269 1297 3330 de·

371 3351 443 3414 bere
466 3350 589 3412 defendi
612 3348 661 3408 vel
682 3349 853 3428 praedicari
875 3351 1062 3410 contrarium
1085 3352 1176 3411 certis
1198 3371 1297 3432 punc·

372 3437 410 3494 tis
433 3436 471 3496 de
498 3433 712 3514 indulgentiis,
740 3433 796 3494 sub
824 3452 927 3514 poena
955 3435 1296 3517 excommunicationis,

372 3519 427 3579 sed
450 3519 546 3598 magis
568 3536 636 3577 esse
652 3517 831 3578 intentionis
855 3535 964 3596 meae,
997 3516 1161 3578 defendere
1184 3520 1296 3580 verita-

373 3607 434 3664 tem
456 3603 487 3661 in
510 3599 619 3661 eodem
642 3599 767 3661 decreto
791 3599 1003 3680 approbatam.
1046 3598 1114 3675 Quo
1138 3601 1184 3661 sio
1206 3621 1296 3682 prae

372 3685 450 3765 fato,
481 3683 596 3745 accedo
619 3682 659 3743 ad
680 3682 920 3764 impugnandam
943 3683 1173 3746 conclusionem
1198 3686 1295 3747 unde-¹

372 3787 491 3830 cimam.
1312 3825 1315 3832 .

366 3909 379 3926 „
453 3852 564 3912 Dicere
585 3847 791 3929 indulgentiae
814 3869 883 3910 esse
905 3850 995 3911 utiles
1011 3840 1215 3929 *Christiania
1248 3860 1295 3914 est

373 3955 477 3996 verum
500 3941 531 3994 et
551 3934 652 4012 pium,
688 3951 746 3993 nec
763 3932 974 4013 indulgentiae
996 3941 1067 3994 sunt
1088 3936 1193 3996 vitium
1218 3935 1294 3996 boni

411 4082 441 4148 1)
461 4072 713 4134 nocimentum
733 4078 862 4133 adnotat:
883 4077 953 4130 hora
971 4079 1103 4146 septima.
