3075 4775
454 554 470 601 l
493 554 510 601 l
535 543 695 602 statana
713 546 840 612 exeepta.
923 597 926 617 ,
1106 540 1172 615 441

245 714 357 775 earne,
378 696 460 758 haee
480 701 597 774 metet,
625 702 658 757 et
676 695 752 774 illud
774 697 886 762 lohan.
910 700 945 762 9:
976 697 1077 777 Venit
1096 714 1170 774 nox,

245 779 368 859 quando
391 800 485 842 nemo
510 781 624 877 poterit
645 774 783 877 operari,
819 781 901 860 quod
924 778 1121 843 Ambrosius
1132 779 1171 841 de

244 864 454 943 praesentist
454 866 589 944 emporis
623 865 687 925 vita
708 866 854 944 exponit
890 864 1046 946 quomodo
1076 870 1171 925 mere-

245 966 318 1026 mur,
342 947 461 1007 nlarum
485 956 541 1027 est,
564 948 646 1027 quod
669 948 744 1008 nihil
765 949 839 1008 faoit
827 948 892 1025 t¹)
917 947 1052 1009 adrem.
1089 947 1171 1028 Apo·

245 1030 343 1091 stolus
367 1033 449 1091 enim
472 1050 535 1091 non
557 1030 596 1093 de
618 1030 812 1111 purgatorio,
833 1030 945 1092 sedda
968 1040 1106 1092 extremo
1129 1032 1172 1089 iu-

244 1113 323 1175 dicio
339 1114 486 1209 loquitur
508 1114 695 1175 EtOhmstus
708 1120 898 1193 pernoctem
911 1113 1112 1175 salvatamen
1126 1134 1172 1174 re·

244 1198 384 1258 verentia
396 1196 546 1279 Chrysost
548 1199 609 1273 omi
621 1200 651 1259 in
654 1198 764 1281 telligit
775 1197 997 1296 infidelitatem,
1010 1204 1043 1257 ut
1056 1197 1171 1258 alarum

245 1288 353 1341 estex
375 1284 517 1361 proximo
541 1288 606 1342 text
608 1302 636 1359 u,
657 1280 802 1362 quamdiu
825 1300 883 1363 ego
903 1283 933 1341 in
957 1280 1070 1363 mundo
1095 1301 1171 1359 sum,

245 1370 304 1424 ιιιιι
328 1364 383 1423 diu
404 1363 458 1424 lux
480 1383 547 1425 sum
569 1364 674 1425 mundi
693 1364 823 1443 volens,
854 1363 937 1445 quod
966 1351 1053 1425 extra
1079 1363 1170 1423 fidem

246 1446 357 1508 Christi
383 1467 477 1509 nemo
499 1448 599 1545 possit
586 1446 699 1509 tbene
720 1450 852 1545 operari,
874 1456 977 1511 tamen
991 1448 1172 1529 chrysosto-

245 1551 326 1591 mum
360 1530 508 1612 admitte,
544 1532 618 1622 quia
654 1532 780 1613 respicit
813 1530 852 1592 ad
885 1537 1055 1593 extremum
1097 1530 1172 1590 iudi·
1219 1588 1221 1596 ,
1341 1536 1344 1545 ’

245 1615 334 1677 cium

328 1696 488 1758 Antoritas
502 1697 583 1758 Psal.
597 1700 671 1763 104:
695 1698 800 1759 Exivit
821 1697 917 1759 homo
930 1696 970 1758 ad
983 1716 1061 1778 opus
1084 1715 1171 1757 suum

246 1800 342 1861 usque
364 1780 404 1841 ad
416 1801 589 1863 vesperam,
610 1783 798 1862 permittitur·
809 1781 886 1842 trahi
898 1780 1060 1864 figurativo
1078 1799 1172 1841 sensu

245 1864 281 1924 ad
305 1866 456 1925 vitamet
479 1873 607 1927 mortem
631 1866 784 1944 hominis,
823 1864 876 1925 sed
909 1866 1044 1947 genuino
1069 1884 1171 1945 sensu,

245 1954 274 2008 at
295 1950 347 2028 qui
369 1955 487 2029 pugnet
508 1949 539 2008 in
552 1950 763 2028 contentione,
787 1947 924 2027 loquitur
946 1949 984 2008 de
1001 1947 1171 2009 admirabili

245 2029 449 2112 dispositione
481 2032 552 2112 Dei,
585 2030 668 2112 quod
704 2033 861 2093 hominem
899 2032 942 2092 ita
975 2032 1170 2113 disposuerit

248 2113 330 2193 quod
350 2114 445 2175 homo
467 2079 559 2175 exea’t
581 2115 620 2176 ad
642 2113 675 2197 ²)
695 2134 856 2195 vesperam
879 2114 939 2175 diei
962 2122 1016 2176 nat
1004 2115 1110 2175 tutelis
1133 2114 1172 2174 ad

245 2199 443 2276 operationes
465 2217 545 2259 suas.
567 2197 901 2279 lltAngustinusreote
922 2192 1171 2279 s‘ensitaapitess

244 2280 368 2342 deiide
390 2281 430 2341 ad
452 2281 590 2359 Petrum,
613 2291 734 2363 tempus
757 2281 937 2362 acquirendi
959 2283 1052 2343 vitam
1075 2290 1171 2343 aeter·

244 2383 314 2426 nam
338 2383 408 2426 esse
417 2364 521 2426 datum
535 2364 719 2446 hominibus,
742 2366 878 2428 tamen
869 2384 900 2426 m
923 2366 982 2427 ista
988 2368 1076 2445 vita,
1100 2368 1173 2447 quia

244 2457 276 2508 ιιι
297 2448 380 2526 dixi,
416 2468 538 2545 semper
559 2449 598 2510 ad
620 2450 750 2511 futuram
774 2451 868 2512 vitam
890 2451 1074 2532 respiciunt,
1106 2469 1170 2536 non

244 2531 281 2592 ad
303 2533 525 2614 purgatorium

326 2615 368 2675 Et
394 2615 601 2697 Hieronymus
634 2636 726 2697 super
754 2610 856 2676 Galat.
886 2619 922 2681 6:
958 2617 1175 2696 Unusquisque
1222 2663 1226 2680 .

243 2699 382 2778 portabit
402 2719 480 2760 onus
503 2719 590 2761 suum
614 2707 672 2761 eto.
695 2701 776 2760 bene
799 2697 946 2776 ostendit,
969 2699 1053 2779 quod
1074 2698 1174 2759 homi·

244 2801 297 2842 nes
332 2783 448 2843 meritis
477 2783 539 2844 suis
568 2775 746 2844 inventur
737 2803 770 2843 in
798 2783 857 2844 hae
877 2783 953 2862 vita,
986 2783 1041 2843 sed
1070 2783 1173 2845 vocati

244 2873 317 2928 ante
339 2865 482 2945 tribunal,
504 2866 588 2946 quod
609 2865 672 2927 lit
664 2887 696 2926 ιιι
719 2873 828 2945 morte,
851 2874 924 2926 tuna
945 2885 1004 2927 neo
1025 2865 1096 2945 Job,
1116 2883 1175 2926 neo

244 2947 354 3010 Daniel
388 2958 519 3030 possunt
551 2957 633 3011 stare
672 2970 730 3031 pro
765 2968 930 3030 quoquam.
974 2948 1176 3030 Respondeo,

244 3031 327 3112 quod
353 3035 505 3095 autoritas
527 3039 575 3094 est
595 3033 809 3094 robustissima
831 3041 939 3095 eontra
961 3031 1173 3114 egregiumD.

244 3115 295 3194 D.,
325 3117 400 3195 quia
427 3118 453 3177 si
475 3136 581 3179 verum
608 3125 671 3194 est,
704 3116 896 3180 hominem
888 3138 920 3178 ιιι
949 3123 1047 3178 morte
1070 3117 1174 3178 vocari

245 3209 316 3260 ante
340 3199 501 3279 tribunal,
512 3208 543 3260 et
564 3207 637 3261 tuno
657 3219 715 3260 nee
735 3199 814 3278 lob,
842 3220 900 3261 nee
917 3200 1029 3261 Daniel
1044 3205 1176 3282 possunt

244 3291 336 3362 stare,
361 3280 471 3344 frustra
493 3290 561 3346 orat
581 3282 714 3344 ecelesia
735 3304 791 3364 pro
815 3285 952 3346 mortuis.
985 3283 1025 3346 Et
1057 3285 1102 3346 sie
1122 3303 1174 3359 ne-

244 3374 335 3446 gatur
355 3367 576 3447 purgatorium.
599 3363 702 3443 Quare
725 3366 763 3426 de
786 3352 1109 3450 tribunalinovissimo
1131 3351 1175 3429 lo·

245 3452 347 3528 quitur
368 3449 585 3531 Hieronymus,
607 3458 680 3531 post
700 3441 820 3511 finitum
841 3441 1061 3533 purgatorium.

321 3533 517 3595 Bernardum
552 3535 644 3594 etiam
678 3533 813 3610 induxit,
856 3534 983 3614 quod
975 3555 1005 3596 in
1041 3535 1177 3596 hominis
1295 3577 1301 3586 .

246 3625 345 3678 morte
367 3626 477 3698 agatur
496 3617 681 3697 particulare
702 3580 864 3699 iudiciiin,
888 3615 972 3700 quod
992 3637 1055 3680 non
1076 3617 1174 3700 fieret,

246 3701 270 3759 si
300 3700 430 3763 haberet
459 3703 622 3763 terminum
651 3700 752 3764 adhue
782 3702 930 3764 merendi.
967 3701 1173 3784 Respondes:

301 3982 329 4046 l)
350 3979 388 4104 lq
400 3978 517 4037 ιιι-ιιι.
543 3985 571 4037 at
593 3978 668 4048 apud
688 3976 817 4034 Laesum:
847 3975 941 4030 faeiat.
996 3972 1029 4044 2)
1050 3971 1173 4030 Ibidem':

249 4066 334 4125 usque
353 4068 399 4108 a.
1110 4093 1113 4100 ,
