3075 4775
332 521 395 587 376
591 520 683 579 auor.
702 520 730 575 L,
750 536 835 591 aspar
851 520 1045 589 Propodticns

335 709 442 790 gantis
464 708 576 769 cetaria
596 706 841 789 indignationem
865 707 1121 782 commovissent,
1152 711 1184 765 et
1205 704 1259 765 ite·

335 812 400 852 rum
423 792 553 853 oriretur
578 791 738 863 contentio
762 789 801 851 de
823 791 1012 869 maioritate,
1035 790 1119 851 iesus
1133 806 1258 850 convo·

335 894 410 937 cans
432 894 487 935 eos
509 874 587 935 dixit
607 875 666 936 eis:
690 873 791 951 Scitis,
814 875 886 953 quia
907 874 938 948 ii,
960 875 1011 954 qui
1030 872 1171 934 videntur
1183 890 1259 953 gen·
1353 888 1356 897 ¹

336 958 416 1019 tibus
438 958 613 1039 principari,
636 957 832 1018 dominantur
853 959 907 1035 eis,
930 964 961 1019 et
976 958 1129 1037 principes
1151 974 1257 1016 eorum

335 1042 450 1103 hahent
475 1047 660 1121 potestatem
683 1058 800 1103 eorum.
845 1039 915 1101 Non
946 1046 1050 1102 autem
1078 1040 1121 1101 ita
1150 1047 1198 1099 est
1227 1038 1257 1097 in

337 1125 442 1202 vohis,
470 1124 525 1185 sed
548 1127 724 1203 quicunqne
746 1123 878 1185 voluerit
898 1122 962 1185 heri
987 1124 1099 1200 maior,
1128 1124 1185 1182 erit
1208 1140 1259 1181 ve·

337 1214 399 1270 ster
420 1209 576 1283 minister,
609 1214 641 1267 et
675 1208 849 1286 quicunque
877 1207 1009 1269 voluerit
1034 1208 1064 1267 in
1089 1204 1176 1267 vobis
1201 1206 1259 1283 pri·

337 1312 404 1351 mus
431 1311 521 1367 esse,
553 1292 610 1351 erit
636 1284 773 1351 omnium
802 1309 908 1350 servus
933 1292 1059 1366 (iterum
1082 1286 1259 1367 exemplum

338 1374 384 1435 sui
405 1373 521 1454 addit),
548 1393 620 1433 nam
644 1379 676 1433 et
697 1371 776 1433 filius
797 1372 931 1433 hominis
953 1392 1016 1435 non
1039 1374 1131 1450 venit,
1151 1382 1185 1431 ut
1206 1371 1260 1429 mi·

338 1460 516 1519 nistraretur
539 1456 585 1533 ei,
607 1457 662 1516 sed
685 1464 718 1516 ut
739 1458 937 1533 ministraret,
962 1466 994 1517 et
1014 1457 1147 1517 enimam
1171 1473 1258 1513 suam

337 1542 425 1601 daret
446 1540 688 1619 redemptionem
717 1556 774 1619 pro
803 1538 913 1601 multis.
956 1538 1170 1615 [cursantem
1195 1555 1258 1597 non

338 1624 456 1699 videat,
489 1622 569 1701 quod
605 1622 666 1682 hcc
687 1623 887 1683 ministerium
911 1641 969 1683 nec
990 1620 1168 1702 pontifices,
1201 1639 1261 1679 nec

338 1726 443 1767 sorum
466 1705 642 1767 adulatores
664 1712 828 1784 quaerunt,
854 1704 908 1767 sed
931 1712 1116 1785 potestatem
1138 1702 1259 1765 sciam?

338 1789 418 1865 quia
441 1790 592 1850 Christum
615 1789 852 1849 ministratorem
874 1788 1001 1851 arduum
1026 1796 1073 1849 est
1095 1786 1233 1863 imitari]

422 1875 494 1933 item
517 1871 652 1932 eiusdem
676 1874 712 1935 9:
734 1870 775 1931 Its
797 1879 947 1938 venerunt
968 1871 1178 1952 capernaum,
1209 1870 1259 1948 qui

339 1976 406 2019 oum
436 1955 518 2017 domi
548 1962 668 2028 essent,
700 1954 911 2034 interrogabat
932 1973 1001 2015 eos:
1036 1953 1114 2029 Quid
1146 1955 1177 2013 in
1211 1952 1261 2011 via

338 2038 537 2105 tractabatis?
580 2036 687 2098 Atilii
710 2036 870 2114 tacebant,
903 2038 1052 2117 siquidem
1083 2038 1113 2097 in
1142 2037 1192 2095 via
1215 2037 1260 2095 in·

339 2132 385 2183 ter
404 2141 439 2181 se
461 2121 710 2201 disputaverant,
738 2121 805 2199 quis
836 2140 940 2181 eorum
963 2122 1062 2181 rusior
1084 2130 1176 2181 esset.
1223 2119 1261 2177 ut

339 2204 477 2265 residens
499 2204 624 2266 vocavit
640 2202 813 2281 duodecim,
836 2210 867 2264 et
888 2205 931 2264 ait
952 2204 1027 2265 illis:
1051 2204 1082 2264 si
1105 2204 1171 2282 quis
1196 2202 1261 2261 vult

339 2289 454 2366 primus
476 2306 563 2360 esse,
596 2287 654 2347 erit
682 2288 821 2347 omnium
851 2288 1036 2347 novissimus
1063 2294 1094 2347 et
1122 2286 1258 2345 omnium

341 2371 488 2432 minister.
530 2368 571 2430 Et
592 2370 747 2452 accipiens
774 2389 902 2451 puerum
925 2371 1031 2430 statuit
1052 2391 1120 2430 eum
1143 2370 1174 2430 in
1198 2389 1260 2430 me-

343 2454 394 2514 dio
418 2473 540 2532 eorum,
571 2472 661 2533 quem
683 2473 753 2514 cum
776 2453 956 2534 complexus
979 2465 1076 2530 esset,
1111 2455 1154 2513 ait
1183 2451 1260 2512 iliis:

338 2537 481 2616 Quisquis
510 2557 602 2596 unum
632 2537 783 2616 receperit
807 2539 841 2596 -in
865 2538 990 2597 nomine
1019 2555 1106 2608 meo,
1143 2555 1193 2595 me
1215 2555 1260 2594 re·

337 2621 419 2700 cipit.
952 2625 955 2630 ’

419 2702 537 2762 Eadem
569 2703 667 2762 Lucas
688 2706 723 2766 ii:
758 2703 884 2762 intravit
911 2711 1014 2762 autem
1052 2702 1200 2783 cogitatio
1229 2703 1261 2760 in

339 2806 409 2860 eos,
432 2787 499 2866 quis
524 2804 628 2847 eorum
653 2787 751 2846 maior
773 2793 863 2848 asset.
908 2786 949 2846 At
969 2785 1055 2846 lesus
1078 2785 1186 2856 videns
1210 2803 1260 2844 co·

339 2870 503 2950 gitationes
537 2868 638 2930 cordis
665 2868 786 2928 illorum
820 2867 1023 2948 apprehendit
1050 2887 1195 2948 puerum,
1231 2875 1262 2926 et

339 2953 446 3012 statuit
466 2951 551 3011 illum
572 2971 662 3011 secus
685 2971 737 3028 se,
764 2961 796 3012 et
817 2953 860 3012 ait
881 2951 955 3012 illis:
990 2951 1172 3030 Quicunque
1195 2970 1261 3010 sus·

339 3037 457 3116 ceperit
477 3053 604 3115 puerum
628 3036 719 3094 istum
744 3036 773 3094 in
797 3036 922 3096 nomine
945 3053 1035 3112 mec,
1069 3055 1119 3094 ms
1140 3035 1261 3114 recipit,

339 3120 565 3198 etquicunque
593 3137 641 3178 me
673 3119 840 3197 receperit,
873 3117 982 3198 recipit
1009 3137 1097 3193 eum,
1129 3118 1180 3196 qni
1211 3137 1262 3176 me

339 3203 430 3262 misit.
473 3201 551 3260 Nam
581 3202 632 3279 qui
662 3201 761 3261 minor
790 3208 838 3260 est
867 3202 946 3262 inter
973 3220 1029 3262 voe
1053 3219 1178 3278 omnes,
1212 3199 1262 3259 hio

340 3285 438 3344 maior
459 3291 515 3344 est.
557 3284 634 3344 Item
655 3283 760 3344 Matth.
787 3285 839 3347 18:
872 3283 906 3344 In
938 3284 991 3344 ilia
1022 3284 1099 3344 hora
1120 3301 1261 3344 accesse-

339 3376 410 3427 runt
429 3367 468 3427 ad
481 3367 580 3428 iesum
603 3367 754 3446 discipuli,
768 3366 923 3427 dicentes:
946 3367 1030 3444 Quis,
1044 3374 1144 3446 putes,
1162 3367 1261 3426 maior

339 3458 388 3509 est
407 3451 437 3509 iu
461 3470 557 3531 regno
580 3449 759 3511 coelorum?
802 3449 842 3510 Et
865 3449 1022 3512 advocans
1044 3451 1128 3510 lesus
1151 3469 1261 3530 parvu-

341 3533 419 3607 lum,
454 3535 560 3593 statuit
581 3553 649 3594 eum
672 3534 703 3592 in
726 3533 830 3592 medio
854 3551 975 3613 eorum,
1005 3541 1035 3594 st
1056 3532 1148 3594 dixit:
1185 3532 1260 3607 Qui·

341 3634 461 3695 cunque
493 3615 696 3677 humiliaverit
728 3635 781 3692 se,
815 3616 893 3676 sicut
925 3617 1069 3696 parvulus
1102 3617 1176 3693 iste,
1211 3615 1261 3676 hic

339 3700 438 3759 maior
459 3708 506 3758 est
526 3700 558 3758 in
583 3718 677 3779 regno
701 3700 870 3761 coelorum.

369 3839 372 3842 ,
422 3781 511 3842 Nunc
542 3780 631 3854 vide,
676 3783 797 3860 quantis
833 3781 949 3860 verbis,
986 3791 1061 3862 quot
1096 3780 1259 3860 exemplis,

237 3876 239 3881 ’
339 3873 455 3942 quauta
478 3863 636 3943 diligentis
658 3865 794 3928 Christus
817 3867 1010 3944 praevenerit
1039 3873 1069 3926 et
1095 3862 1259 3944 prohihue-

338 3947 378 4006 rit
405 3946 602 4007 ambitionem
630 3947 730 4024 illam,
764 3967 854 4027 quam
880 3955 965 4008 tanto
998 3955 1117 4014 tumore
1144 3948 1261 4009 iactant

341 4028 474 4089 Decreta
490 4036 522 4090 et
542 4028 731 4108 Decretales,
753 4050 792 4090 ac
812 4031 855 4090 ita
875 4038 1017 4116 repetunt
1039 4035 1071 4094 et
1092 4029 1259 4110 inculcant,
