3075 4775
341 538 408 616 dil)
625 540 649 607 1.
667 540 772 598 cnudo
791 540 825 597 D.
846 540 879 595 bi.
896 540 976 598 Loth.
1004 584 1006 589 .

343 729 529 811 pensaverit,
551 728 702 791 babemus
723 730 907 791 advooatum
929 728 1011 810 apud
1023 730 1143 791 Patrem
1166 728 1272 791 desum

344 812 498 873 Christum
518 812 643 893 iustum,
673 821 705 874 et
724 816 791 894 ipse
814 821 861 875 est
882 814 1059 893 propitiatio
1085 832 1141 893 pro
1164 832 1274 893 peoua-
1381 812 1382 841 ¹

342 896 528 975 tianostris,
551 898 1077 977 nonpronostrisautemtanturn,
1100 895 1273 959 sedetiam
1381 946 1382 953 ,

342 997 399 1059 pro
436 980 528 1039 totius
554 979 683 1040 'mnndi
727 980 822 1041 Porro
851 977 1032 1041 hoo-totum
1060 982 1091 1041 iu
1114 979 1273 1061 baptismo
1381 964 1382 1037 Ῐ

344 1060 398 1142 aa,
422 1062 453 1121 in
477 1081 538 1141 quo
562 1062 700 1125 Christus
723 1064 813 1125 uobis
840 1063 992 1140 donatur,
1014 1062 1046 1123 id
1068 1060 1151 1143 quod
1174 1064 1207 1123 in
1230 1082 1275 1122 se·
1381 1102 1382 1145 3

345 1146 450 1225 quenti
471 1152 559 1225 parte
581 1148 741 1211 eouoiouis
764 1146 972 1209 maombimua

426 1228 620 1308 Undecimo,
649 1231 707 1291 nisi
730 1249 805 1311 ergo
830 1228 892 1291 boo
912 1229 1022 1293 foedus
1045 1248 1116 1291 oum
1136 1228 1206 1289 Deo
1228 1248 1275 1289 es·

343 1317 411 1389 set,
434 1318 465 1372 et
486 1312 570 1373 Deus
592 1313 712 1374 ratione
734 1313 824 1375 huius
846 1310 981 1377 foederis
1004 1312 1044 1375 ad
1066 1318 1177 1375 nostra
1198 1332 1274 1392 pea-

344 1402 414 1457 oata
435 1397 629 1475 conniveret,
663 1395 780 1457 nullum
802 1404 864 1457 tam
896 1396 967 1457 leve
996 1404 1079 1460 esset
1099 1402 1273 1475 prosatum,

244 1530 248 1540 .
344 1477 426 1558 quod
449 1496 507 1540 nos
529 1498 591 1539 non
606 1479 839 1542 condemnaret.
873 1478 980 1559 Neque
992 1481 1073 1541 enim
1085 1478 1180 1541 ullum
1204 1497 1273 1559 pso

313 1617 320 1623 .
344 1568 455 1639 uatum,
478 1564 672 1703 qqantumvis
695 1564 852 1645 exignum,
874 1562 930 1623 Dei
953 1562 1098 1626 iudicium
1121 1563 1273 1625 sustinere

342 1650 455 1725 potest
519 1664 560 1706 on
581 1646 674 1727 igitur
695 1654 743 1707 est
763 1646 847 1708 aliud
876 1646 973 1710 maius
995 1654 1028 1707 at
1047 1646 1171 1707 suavius
1195 1644 1274 1705 sola·

343 1728 418 1788 tium
439 1727 553 1789 iubos
577 1728 713 1808 mundo,
746 1748 839 1809 qnam
862 1729 1042 1809 baptismus.
1080 1730 1139 1789 Per
1159 1728 1273 1809 baptis·
1381 1790 1382 1795 ,

343 1830 427 1871 mum
447 1812 528 1871 enim
566 1820 596 1873 et
619 1813 752 1893 gratiam
782 1822 813 1873 et
837 1812 1076 1875 misericordiam
1112 1812 1273 1891 oonsequi·

344 1914 420 1973 mur,
442 1914 522 1975 quae
543 1903 673 1976 peecata
693 1916 755 1969 nou
775 1903 922 1960 aoousant
942 1904 996 1959 aut
1017 1896 1184 1972 damnant,
1217 1894 1272 1955 sed

342 1979 446 2059 potius
469 1998 583 2060 magno
605 1978 712 2053 labore
735 1988 765 2039 et
788 1999 844 2039 usu
866 1980 992 2042 eiieiuut
1013 1998 1051 2051 ae
1069 1978 1234 2059 repeliunt.

398 2127 401 2134 .
426 2078 555 2140 Pulchre
572 2081 665 2161 igitur
685 2079 715 2144 S.
738 2078 927 2160 Augustinus
959 2080 1105 2161 scripsit,
1141 2086 1272 2159 psooata

343 2161 375 2221 in
397 2160 551 2241 baptismo
574 2162 753 2238 eondonari,
776 2162 935 2243 nonqnod
959 2163 1063 2224 nullae
1085 2164 1207 2243 pennati
1229 2182 1273 2221 re-

344 2243 457 2322 liquiae
473 2247 642 2324 supersint,
675 2248 731 2306 sed
760 2245 845 2326 quod
862 2266 930 2307 -non
953 2246 1085 2326 amplius
1104 2247 1288 2325 imputetur

343 2333 515 2407 peoeatunr,
546 2346 576 2406 q.
598 2327 641 2389 d:
673 2329 807 2390 Psooata
829 2329 951 2410 quidem
973 2330 1005 2393 in
1024 2336 1153 2392 mortem
1176 2346 1273 2408 usque

343 2412 374 2469 in
396 2418 503 2472 nostra
524 2430 617 2474 earne
636 2413 774 2492 haereat,
797 2433 831 2474 se
854 2420 1062 2492 commovent,
1084 2432 1121 2474 ao
1143 2411 1273 2472 subinde

343 2492 487 2574 produnt,
509 2514 615 2558 verum
637 2514 706 2556 oum
728 2497 783 2558 iila
803 2496 878 2558 fiant
900 2497 989 2557 nobis
1016 2498 1118 2558 invitis
1138 2513 1199 2555 neo
1220 2516 1273 2576 ap·

344 2577 554 2658 probantibus,
576 2579 638 2642 hoo
659 2579 801 2660 baptismi
825 2579 1006 2642 benefioium
1030 2586 1086 2658 est,
1108 2579 1193 2658 quod
1216 2598 1273 2640 nos

343 2679 407 2722 non
433 2661 670 2739 aondemnant,
691 2683 749 2724 neo
778 2663 867 2724 nobis
897 2671 1031 2741 noeent,
1059 2662 1113 2724 sed
1142 2665 1173 2722 ia
1207 2663 1273 2724 dies

342 2748 440 2826 magis
461 2764 499 2806 aa
520 2746 752 2827 magisndoueo
775 2748 956 2823 moriamur,
979 2745 1211 2810 mortifioantur.

426 2863 502 2923 Oum
525 2863 617 2944 igitur
639 2865 752 2938 sentis,
788 2871 818 2926 te
849 2865 1100 2946 oonoupisoentia
1128 2869 1181 2924 aut
1205 2864 1273 2924 aliis

342 2945 423 3006 vitiis
446 2949 558 3007 tantari
570 2993 578 3026 ,
602 2966 664 3008 non
685 2945 755 3008 ideo
780 2947 980 3009 exhorresoes
1003 2967 1061 3008 neo
1082 2945 1273 3028 desperabis,

343 3048 443 3109 neque
472 3031 584 3108 etiam,
618 3032 643 3089 si
672 3031 703 3090 in
731 3033 925 3092 manifestum
954 3029 1078 3111 aliquod
1107 3037 1270 3112 peceatum
1381 3057 1382 3062 ¹

342 3112 523 3193 prolabaris,
548 3113 602 3175 sed
625 3113 768 3194 baptismi
784 3115 959 3190 recordare,
987 3123 1079 3194 teque
1101 3133 1139 3175 eo
1162 3132 1273 3175 oonso·

344 3197 416 3259 iare.
438 3195 516 3256 Nam
533 3198 564 3256 in
587 3197 741 3278 baptismo
754 3196 837 3258 Deus
860 3200 894 3258 se
916 3197 970 3260 tibi
993 3197 1165 3274 obstrinxit,
1190 3195 1271 3278 quod
1381 3207 1382 3224 ¹

344 3285 375 3338 et
397 3287 449 3340 tua
472 3285 600 3360 peecata
621 3279 696 3365 velit
719 3281 925 3360 mortificare,
960 3287 991 3340 et
1025 3299 1061 3342 ea
1083 3279 1275 3360 condonare,
1381 3277 1382 3294 ¹

243 3371 246 3375 ’
342 3362 368 3422 si
390 3363 484 3425 modo
507 3383 544 3425 ea
566 3370 702 3425 autnon
722 3365 886 3445 approbes,
909 3366 1066 3450 autetiam
1088 3365 1118 3425 in
1142 3363 1187 3425 eis
1211 3381 1273 3426 non

342 3445 500 3525 perdures.

426 3563 467 3624 Et
488 3566 534 3626 sie
555 3583 679 3645 quoque
700 3566 902 3646 aooipiendas
935 3574 1006 3628 sunt
1033 3565 1134 3628 malas
1155 3568 1272 3650 eogita-

344 3647 460 3726 tionas,
487 3646 753 3728 ooneupiseentia,
787 3656 818 3712 et
838 3657 989 3730 pennata,
1012 3669 1092 3730 quae
1113 3651 1273 3729 sentimus,

343 3750 408 3793 non
421 3738 453 3792 ut
475 3732 511 3791 iis
529 3731 568 3800 ad
581 3732 828 3811 desperationem
842 3732 1011 3814 adigamur,
1033 3732 1091 3796 sed
1103 3734 1272 3796 sentiamus

345 3833 384 3879 ea
404 3835 474 3886 esse
496 3833 552 3874 oeu
575 3823 776 3876 monumenta
797 3815 949 3896 quaedam
965 3816 1090 3896 divina,
1111 3835 1193 3896 quae
1215 3836 1273 3879 nos

247 3932 251 3943 ι
345 3906 564 3961 commoneant
578 3896 731 3976 baptismi,
754 3899 826 3978 qnid
848 3901 877 3960 in
902 3919 940 3960 eo
954 3901 1142 3978 voverimus,
1161 3919 1274 3981 nempe

344 3987 377 4055 ut
397 3983 577 4042 invocemus
597 3973 733 4042 divinam
755 3985 906 4063 gratiam,
944 3990 976 4044 et
999 3984 1031 4044 in
1052 3983 1178 4047 assiduo
1202 3984 1274 4048 belli
1381 4027 1382 4038 r

343 4083 401 4136 usu
433 4071 539 4139 eontra
574 4067 703 4143 peecata
732 4066 845 4146 simus,
887 4074 920 4127 ut
957 4068 1049 4130 etiam
1087 4074 1273 4148 exoptemus
1381 4147 1382 4162 χ
