3075 4775
359 532 423 607 162
608 539 765 609 Dispnffls
780 539 891 609 lrlpsinc
904 532 1004 593 hahita
1023 556 1048 592 a.
1068 539 1126 592 xix
1242 568 1245 587 t

358 736 424 791 ten
444 728 580 791 clusium
588 726 866 789 cnclmimunsrun
883 725 973 788 deut
989 724 1178 789 hominibus.
1200 725 1285 789 Oun-

359 819 423 873 stst
444 813 556 891 enirn,
572 810 655 891 quod
675 809 863 873 fructuosior
891 814 939 871 est
960 817 998 871 *et
1017 809 1085 871 Deo
1107 806 1286 891 acceptabi-

360 896 422 957 lior
441 895 581 976 operatio
603 893 715 957 tnlibns
736 893 934 975 indulgentiis
951 894 1104 972 innitens,
1127 910 1219 973 quarn
1240 892 1286 953 al-

363 986 430 1039 tera
451 985 483 1039 et
503 979 613 1039 ceteris
634 976 758 1058 paribus
781 996 845 1039 non
865 977 1009 1037 innitens.
1040 967 1127 1037 Huec
1148 975 1285 1039 (iernen.

445 1061 496 1122 Sin
516 1067 548 1121 et
569 1060 620 1121 elii
642 1061 740 1120 suncti
758 1067 794 1121 et
813 1061 950 1141 optimus
973 1057 1208 1121 existimationis
1225 1060 1286 1120 viri

361 1154 504 1225 tempora
526 1144 665 1204 denorum
686 1138 954 1224 indulgentiumm‘
968 1142 1141 1221 volucrunt,
1163 1156 1245 1222 quoe
1263 1158 1289 1203 a

362 1228 399 1291 B.
428 1227 581 1308 Gregorio
617 1243 743 1306 quoque
775 1226 867 1287 datne
895 1231 966 1287 sont
998 1232 1071 1287 ante
1106 1232 1289 1307 nongentos

357 1322 479 1386 ¹cnnos,
513 1310 732 1371 etPnschcsio
755 1317 829 1370 nuta
855 1314 1019 1370 sexcentos
1046 1324 1154 1370 anuos.
1192 1308 1289 1371 Unde

358 1394 433 1455 sola
454 1394 530 1453 tanti
553 1393 651 1453 Patris
673 1394 822 1453 autoritas
843 1390 939 1454 debat
956 1390 1289 1471 quemlibetOhristia·

361 1493 436 1537 num
448 1495 583 1554 movere,
605 1482 639 1536 ut
654 1475 760 1536 credet
781 1474 986 1556 indulgentias
1008 1492 1077 1536 esse
1098 1474 1188 1536 utiles
1200 1474 1290 1537 cnu-

357 1561 478 1638 ttiunis,
494 1561 638 1638 quumvis
660 1576 722 1619 uon
744 1560 895 1639 ignorem,
918 1557 999 1638 quod
1019 1556 1210 1619 vuilhelmus
1232 1557 1289 1619 Al·

361 1643 553 1703 tisidorensis
575 1642 688 1702 referat
709 1660 771 1703 non
794 1641 937 1721 derdere,
959 1642 1012 1721 qui
1034 1642 1136 1720 cunm,
1158 1644 1289 1702 urente

360 1727 396 1809 B„
425 1725 598 1806 Gregorio,
628 1730 742 1786 'sancto
759 1725 846 1786 'Psinl
867 1726 899 1785 in
932 1723 1130 1805 indulgentiis
1162 1730 1289 1786 contru-

363 1808 504 1871 dixerint.
1008 1812 1009 1818 ’
1127 1834 1129 1839 ·

443 1890 538 1953 Porro
559 1890 621 1951 hon
641 1889 773 1951 nddem:
795 1889 829 1952 Si
849 1885 1060 1971 indulgentiae
1082 1897 1154 1951 sunt
1174 1890 1287 1951 vidum

357 1976 435 2037 honl
457 1975 577 2055 operis,
609 1974 671 2035 hoc
690 1974 883 2055 potissimum
905 1988 975 2034 meo
1007 1972 1151 2035 arbitratu
1182 1992 1222 2035 ex
1245 1989 1288 2035 co

361 2058 512 2139 suspicari
533 2075 675 2138 possen,
697 2056 780 2139 quod
802 2064 873 2117 sunt
893 2056 1128 2136 cuticiaci-crine,
1150 2056 1206 2117 scd
1224 2071 1288 2137 per

361 2154 442 2222 opus
463 2140 700 2202 satisfactorium
722 2158 785 2200 non
805 2140 905 2200 nriuus
927 2156 1099 2221 meremur,
1131 2155 1222 2219 quam
1259 2140 1287 2200 si

361 2241 425 2285 non
448 2230 531 2284 esset
552 2223 811 2297 satisfactorium,
845 2223 980 2302 alioquin
1016 2228 1189 2303 mensuret
1223 2240 1288 2284 nos

364 2307 447 2368 nulla
465 2308 570 2368 iacere
591 2322 687 2387 opera
707 2306 932 2382 satisfactoria,
965 2310 1005 2365 ne
1037 2307 1144 2367 merita
1176 2312 1289 2367 nostra

360 2404 420 2473 pro
441 2392 502 2452 isto
523 2396 603 2452 statu
626 2392 839 2451 minueremus.
873 2389 933 2451 Sed
961 2389 1288 2452 in'hcnodictionibus

241 2537 245 2550 ,
364 2475 569 2552 seminantes,
603 2472 643 2534 dc
665 2472 932 2535 benedictionibus
968 2489 1091 2554 quoque
1120 2480 1287 2534 metemus.

364 2557 426 2618 S'ed
449 2558 500 2617 lric
520 2556 642 2618 audiam
662 2555 864 2617 reverendum
885 2556 1015 2619 Patrem.
1059 2555 1197 2618 Accedat
1218 2561 1288 2616 tan·-

248 2661 261 2684 ·
363 2649 413 2701 tus
435 2642 528 2702 totius
550 2640 779 2700 chistianitatis
801 2653 971 2700 consensus
995 2639 1028 2698 in
1048 2639 1207 2717 iubilaeis,
1228 2655 1290 2720 per

365 2736 502 2785 summos
524 2722 687 2784 Pontifices
709 2723 882 2800 celebratis,
907 2741 963 2802 par
983 2722 1192 2801 Boniiacium,
1217 2721 1288 2784 Ole-

365 2813 499 2868 mentem
523 2806 586 2885 Vl,
606 2805 763 2868 Urbanum
785 2805 848 2884 vl,
869 2805 1031 2866 Nicolaum
1053 2806 1108 2884 V.,
1128 2807 1289 2888 integerri-

353 2885 448 2951 'mum
469 2897 501 2951 et
521 2889 731 2951 doctissimum
743 2887 923 2949 Pontificem
936 2887 1126 2970 SixnrmIV,
1143 2896 1180 2951 ct
1201 2889 1289 2970 quod

361 2973 521 3036 communi
561 2990 715 3048 consensu
748 2972 1069 3034 christianissimorum
1092 2979 1219 3054 'regum
1252 2981 1290 3034 ct

365 3059 536 3139 principum
557 3073 614 3137 pro
637 3056 793 3138 passagiis·
810 3061 842 3116 et
877 3056 1016 3116 crucietis
1047 3075 1183 3117 summus
1205 3056 1286 3116 Pon·

309 3152 315 3173 ⁸
367 3141 442 3202 tifex
464 3140 658 3220 plenissimas
680 3158 776 3219 saepe
798 3138 884 3201 dedit
904 3138 1120 3219 indulgentias.
1209 3161 1222 3172 ··

376 3230 380 3255 ³
447 3223 526 3285 Cum
549 3238 623 3304 ergo
645 3220 721 3282 fides
742 3223 895 3284 ecclcsiae
916 3223 957 3282 sit
977 3221 1205 3303 indefectibilis,
1227 3241 1287 3302 pro

368 3316 429 3386 qun
450 3306 587 3367 Christus
607 3307 744 3387 rogavit,
774 3311 890 3368 utnon
921 3303 1084 3384 deiiceret,
1110 3305 1212 3366 Lucae
1234 3306 1287 3384 22,

366 3394 400 3450 ct
419 3389 574 3470 pollicitus
598 3395 654 3467 est,
677 3406 711 3449 se
731 3389 891 3451 nobiscum
913 3405 983 3450 esse
1005 3379 1289 3468 omnibuddieons,

365 3489 465 3551 nsque
486 3472 526 3532 nd
548 3469 845 3533 consummationem
873 3471 968 3532 seculi
989 3471 1096 3534 usin.
1116 3473 1191 3551 Qu,
1216 3486 1287 3532 ¹non

366 3561 417 3615 est
432 3554 670 3634 udmitteudum,
691 3556 855 3616 ecclesiam
877 3572 946 3615 oum
959 3557 1127 3620 animumn
1150 3555 1289 3634 pernicie

366 3643 454 3698 tanto
478 3645 618 3720 tempore
638 3655 778 3720 crasse,
808 3647 839 3700 et
860 3639 932 3718 quia
949 3638 1079 3700 decreta
1098 3651 1288 3698 summorum

366 3720 552 3782 Pontificum
586 3722 626 3783 ab
660 3723 803 3785 omnibus
845 3723 1111 3784 communionem·
1136 3721 1289 3782 ecclesiae

366 3811 499 3866 sanctus
518 3805 701 3867 habentibus
723 3813 795 3866 sunt
809 3805 1021 3885 noceptandn,
1052 3811 1086 3866 nt
1106 3806 1150 3865 sit
1170 3804 1288 3885 Grsgo

367 3889 434 3962 iius
451 3903 520 3950 can.
542 3889 733 3969 Praeceptis,
769 3889 807 3954 1'2
842 3889 965 3966 distin,
992 3891 1065 3950 item
1088 3905 1160 3949 can.
1177 3887 1289 3949 omniu

372 3971 569 4052 inscientia,
588 3972 642 4036 Μ.
662 3976 926 4052 cusentinum
944 3973 1051 4033 »mulus
1073 3968 1288 4047 norcordnntl·
1319 3995 1325 4002 ¹

370 4053 438 4137 bus,
460 4061 494 4118 et
513 4053 655 4117 Pontifex
672 4054 843 4118 modernus
873 4054 931 4117 sub
952 4057 1056 4136 poene
1072 4054 1287 4118 excommnni-
