3075 4775
356 548 419 619 172
573 548 730 621 Disputatio
749 550 858 621 Lipsius
874 551 966 607 habits
983 567 1007 609 a.
1026 548 1091 607 xlx

437 737 528 813 Quod
550 756 734 799 consensum
755 738 926 817 principum
953 736 1017 799 diui
1047 756 1103 819 pro
1125 739 1276 819 passagio

357 828 388 883 ct
409 822 550 883 cruciatis
581 841 603 881 c
622 840 741 881 summo
763 820 912 883 Pontifice
940 821 1148 901 indulgentias
1179 820 1280 895 datas,

334 904 524 985 .respondet
543 924 649 985 parum
672 902 839 981 conficere,
869 906 895 965 si
920 905 971 965 hic
998 905 1168 965 erraverint
1189 906 1224 964 in
1246 922 1279 964 re
1362 946 1365 957 i

357 987 458 1065 nihili,
480 988 566 1067 quasi
587 987 663 1047 nihil
684 999 776 1062 esset,
799 987 910 1047 Christi
932 986 1040 1048 fideles
1062 987 1228 1067 decipere,
1251 992 1282 1049 et

356 1072 530 1132 unanimem
552 1070 794 1132 Christianorum
815 1070 986 1150 principum
1014 1078 1045 1131 et
1072 1088 1183 1152 regum
1207 1076 1289 1130 coni

358 1173 481 1216 scnsnm
502 1156 531 1214 in
556 1160 618 1213 tam
641 1152 783 1214 fallacem
804 1151 992 1233 descendere
1002 1152 1140 1215 fidehnm
1164 1153 1278 1233 decep-

358 1238 484 1299 tionem.

441 1321 617 1396 Praeterea,
641 1317 768 1397 nullum,
790 1320 849 1397 ait,
872 1338 941 1380 esse
963 1320 1126 1381 Decretum
1151 1337 1280 1400 expres·
1331 1314 1339 1337 ⁸

358 1423 423 1465 snm
446 1411 478 1464 et
498 1403 613 1463 clarum
634 1422 727 1482 super
746 1402 956 1483 indulgentiis.
977 1401 1111 1483 Oppono
1126 1404 1152 1463 ei
1176 1400 1279 1463 deela-

357 1489 506 1547 rationem
531 1486 691 1564 Sixtinam,
712 1490 743 1547 et
762 1486 824 1546 iam
848 1487 1014 1547 novissime
1035 1485 1280 1547 declarationem

358 1569 503 1631 moderni
520 1567 686 1643 Pontificis,
708 1568 759 1628 nbi
779 1569 886 1648 inquit,
908 1569 1079 1630 Romanam
1101 1568 1277 1647 ecclesiam,

358 1670 449 1731 quam
484 1652 620 1730 reliquae
654 1657 800 1730 tanquam
835 1659 963 1713 matrem
996 1653 1083 1731 sequi
1123 1658 1278 1727 tenentur,

359 1734 519 1796 tradidisse
541 1734 712 1795 Romanum
726 1732 917 1796 Pontificem
930 1735 1009 1795 Petri
1033 1734 1189 1814 Clavigeri
1212 1753 1277 1794 suc-

357 1837 526 1894 cessorem,
555 1824 587 1879 et
606 1816 680 1878 Jesu
702 1816 813 1878 Christi
841 1818 872 1877 in
904 1819 991 1879 terris
1020 1818 1165 1879 vicarium
1190 1822 1276 1897 pote-

356 1907 466 1963 statem
489 1900 641 1978 clavium,
671 1894 798 1980 quarum
821 1906 869 1960 est
888 1902 1007 1981 aperire
1034 1899 1172 1962 tollendo
1195 1898 1277 1961 illius

357 1985 387 2045 in
399 1985 520 2045 Christo
544 1982 685 2044 fidelibus
708 1972 938 2063 impedimenta,
960 1983 1082 2063 culpam
1105 1982 1226 2044 scilicet
1247 1988 1278 2042 et

275 2075 278 2081 '
356 2086 489 2147 poenam
517 2085 572 2147 pro
602 2066 737 2147 peccatis
766 2066 936 2127 actualibus
958 2066 1102 2127 deletam.
1139 2066 1276 2145 Culpam

358 2149 492 2229 culidem,
514 2148 668 2209 mediante
689 2158 882 2211 sacramento
900 2150 1120 2230 poenitentiae,
1137 2167 1276 2229 poenam

357 2252 432 2293 vero
455 2232 655 2312 temporalem
676 2251 732 2312 pro
754 2233 890 2312 peccatis
912 2232 1083 2293 actualibus
1105 2230 1275 2293 secundum

276 2341 282 2351 ·
356 2314 490 2376 divinam
517 2316 661 2375 iustitiam
686 2314 837 2394 debitam,
872 2314 1026 2376 mediante
1062 2314 1275 2375 ecclesiastica

354 2397 545 2480 indulgentia
566 2418 660 2479 posse
689 2417 745 2479 pro
776 2398 1010 2462 rationabilibus
1032 2399 1132 2460 causis
1155 2397 1274 2460 eisdem
1356 2457 1359 2462 .

341 2482 466 2550 Christi
488 2480 638 2556 fidelibus,
661 2484 712 2560 qui
734 2482 862 2542 caritate
883 2483 1029 2563 iurgante
1051 2489 1123 2542 sunt
1136 2479 1276 2542 membra

355 2563 476 2643 Christi,
499 2565 611 2625 sivein
634 2565 792 2641 haesita,
814 2567 880 2625 sive
902 2565 934 2624 in
956 2565 1148 2646 purgatorio,
1177 2562 1292 2626 indul·'

374 2649 471 2709 entias
505 2667 545 2709 ex
576 2647 857 2727 superabundantia
888 2649 1065 2709 meritorum
1093 2647 1208 2710 Christi
1243 2649 1274 2706 et

352 2667 551 2809 Cunctorum,
579 2737 611 2791 et
635 2737 697 2790 tam
719 2750 775 2810 pro
798 2730 895 2806 vivis,
923 2748 1013 2809 quam
1042 2749 1096 2810 pro
1120 2729 1272 2791 destructis

353 2814 527 2895 apostolica
547 2814 711 2874 autoritate
730 2803 952 2894 indulgentiam
976 2812 1187 2891 concedendo,
1209 2813 1270 2874 the

354 2917 475 2960 caurum
498 2897 673 2958 meritorum
696 2894 807 2958 Christi
839 2901 869 2959 et
889 2895 1071 2958 Sanctorum
1092 2895 1271 2977 dispensare

355 2987 415 3044 etc.
457 2980 517 3042 Ubi
539 2979 621 3040 clare
644 2979 827 3040 determinat
848 2998 917 3040 cum
939 2979 1153 3058 sequentibus,
1174 2975 1271 3039 indul·

181 3051 192 3065 κ
226 3138 233 3146 p
355 3058 475 3144 gentico
497 3081 560 3124 non
573 3080 643 3124 esse
664 3063 861 3124 remissiones
884 3062 1034 3124 bonorum
1057 3079 1196 3143 operum,
1219 3057 1271 3122 sed

354 3146 551 3208 remissiones
585 3164 770 3226 poenarum,
813 3163 892 3224 quaa
927 3143 980 3205 fist
1019 3145 1272 3225 compensatione

356 3228 438 3290 iacta
458 3230 634 3289 meritorum
656 3227 775 3289 Christi.

321 3351 328 3361 x
436 3311 478 3372 Et
498 3310 580 3391 quod
592 3309 827 3387 ,ratiocinabam
855 3309 1017 3370 ecelesiam
1046 3315 1093 3370 tot
1114 3309 1204 3369 annis
1225 3316 1269 3370 to·

355 3398 417 3454 tam
438 3413 503 3455 non
523 3413 661 3472 enasse,
683 3391 860 3473 respondit,
894 3411 956 3454 non
978 3395 1074 3453 totam
1105 3390 1267 3452 ecclesiam

356 3495 483 3556 errasse,
504 3478 575 3556 quia
596 3497 719 3558 semper
739 3475 986 3550 interemerint,
1009 3473 1116 3555 quibus
1138 3473 1200 3534 hoc
1221 3492 1268 3534 ne·

377 3561 474 3621 otium
498 3559 586 3640 hierii
606 3559 792 3640 suspectum.
833 3557 911 3618 Hinc
933 3558 1090 3639 vulgatum
1110 3556 1198 3618 illud:
1225 3557 1269 3617 ln·

355 3579 532 3722 dulgentiae
553 3650 625 3703 sunt
645 3644 715 3723 piae
736 3641 937 3722 deceptiones
952 3639 1096 3706 fidelium.
1117 3640 1166 3700 Ad
1189 3637 1268 3720 qnod

356 3725 442 3786 dico:
471 3722 602 3800 Quando
632 3726 760 3787 alicuius
781 3725 825 3784 rei
852 3723 995 3786 habenda
1016 3729 1063 3784 est
1084 3725 1179 3800 ratio,
1209 3741 1269 3784 non

355 3808 437 3889 qnod
459 3809 587 3888 quisque
609 3806 705 3886 dicat,'
727 3806 782 3868 sed
803 3805 886 3886 quod
907 3806 997 3883 boni,
1020 3805 1124 3885 docti,
1148 3804 1268 3868 honesti

311 3894 321 3970 j
353 3898 385 3953 et
397 3892 505 3973 optimi
517 3896 662 3971 statuunt,
670 3889 854 3951 audiendum
862 3895 918 3950 est.
927 3887 1009 3964 Quot
1018 3888 1048 3964 ι)
1057 3889 1138 3949 enim
1149 3887 1266 3950 fuerunt

358 4028 774 4039 ...η-*μὴ*-

354 4089 367 4145 3⁴
389 4081 422 4145 1)
442 4080 472 4133 ln
492 4077 536 4132 ed.
552 4078 615 4131 Jcn.
632 4083 661 4130 et
677 4077 751 4146 apud
769 4076 897 4154 baascha
916 4075 1000 4145 quod.
