3075 4775
349 519 412 585 3OE
600 521 693 575 Rasol.
712 522 740 573 h
758 536 844 589 super
861 519 1056 589 Propositiune

432 707 508 783 Quis
530 708 611 769 enim
639 727 755 788 negare
783 716 902 789 potest,
936 708 1101 769 eoelesiam
1134 708 1275 787 gentium

239 836 245 847 .
351 792 553 873 posteriorem
566 810 635 851 ease
648 790 782 852 ecelesia
795 792 986 871 ludaeorum,
1009 800 1041 853 et
1053 811 1094 851 ex
1105 791 1168 851 hae
1188 789 1275 851 iilam

351 875 478 935 uotam?
500 893 568 934 eum
592 882 639 935 tot
658 874 689 933 in
701 874 780 935 loeis
801 876 864 937 hoo
885 875 924 935 da
946 875 1088 955 gentibus
1099 873 1277 953 prophetae

350 958 569 1039 praedixerint,
589 976 658 1017 oum
680 958 710 1017 in
729 958 858 1019 Actibus
881 958 1020 1038 disoipuli
1044 958 1175 1037 dispersi
1196 956 1275 1016 solis

351 1041 471 1101 ludaeis
493 1040 689 1120 praediuasse
710 1040 853 1119 verbum,
888 1050 920 1101 et
946 1042 985 1101 de
1006 1042 1143 1122 gentium
1174 1040 1277 1099 salute

351 1122 544 1202 stupuisselj
569 1123 730 1202 legantur?
753 1124 794 1185 Et
808 1125 920 1185 Paulus
939 1125 1071 1187 Roman.
1095 1127 1144 1187 15.
1168 1121 1276 1183 Iudas·
1377 1180 1378 1201 p

354 1227 440 1267 orum
460 1208 632 1267 ministrum
654 1207 748 1267 tuisse
771 1207 939 1284 Christum,
973 1215 1005 1267 et
1025 1213 1135 1288 gentes
1157 1206 1277 1265 miseri·

354 1289 490 1351 cordiam
514 1298 697 1351 oonseemss
728 1289 768 1349 sd
790 1292 910 1350 ruinam
932 1290 1113 1351 ludaeorum
1138 1288 1276 1349 doceat?
1377 1280 1378 1329 f

352 1372 413 1435 Sed
436 1380 469 1433 et
489 1372 752 1435 ChristusJohau.
775 1375 805 1451 4,
828 1373 926 1450 Salus,
949 1375 1057 1453 inquit,
1080 1392 1120 1431 ax
1141 1370 1275 1431 Iudaeis.

351 1455 493 1516 Modesto
509 1457 615 1532 itaque
624 1454 763 1532 dixisset,
776 1466 906 1517 matrem
924 1458 1133 1530 eeclesiarum,
1143 1461 1276 1514 matrem
1377 1456 1378 1473 ³

353 1558 427 1600 vero
450 1540 586 1599 omnium
611 1537 822 1618 eeclesiarum,
844 1540 1016 1619 hyperbole
1038 1545 1085 1600 est
1106 1539 1211 1597 nimia.

436 1621 591 1700 Septimus
623 1620 770 1681 Nicotaus
800 1624 909 1683 iterum
932 1622 1000 1683 dist.
1026 1625 1075 1685 22.
1096 1641 1124 1681 o.
1148 1620 1277 1697 Omnes,
1361 1662 1364 1669 ·

353 1705 476 1782 dequo
500 1712 586 1763 textu
609 1706 716 1765 neseio
738 1706 811 1783 quid
834 1705 943 1766 diuam.
986 1705 1063 1766 Nam
1087 1724 1187 1783 prope
1210 1722 1276 1763 eor-

353 1788 418 1867 rigo
442 1805 541 1847 meam
565 1789 820 1866 propositionem,
843 1795 875 1848 at
895 1788 975 1865 dieo,
997 1788 1080 1867 quod
1100 1788 1276 1861 Romanam

353 1870 516 1931 eooiesiam
538 1871 608 1930 aliis
631 1890 700 1931 ease
721 1873 911 1951 superiorem
934 1872 1082 1951 probatur
1103 1890 1143 1931 ex
1166 1869 1276 1931 delira·

355 1954 467 2013 ment-is
489 1954 647 2013 cuiusdam
670 1956 882 2034 ineptissimae
905 1955 1029 2033 paleae,
1065 1954 1192 2016 nomine
1214 1953 1274 2013 Ro·

354 2055 513 2097 manorum
536 2035 716 2115 pontificum
744 2038 908 2099 eeclesiam
931 2038 1044 2099 Christi
1064 2036 1234 2097 illudentis.

412 2153 509 2233 Audi,
533 2172 649 2233 quaeso
672 2174 728 2234 per
749 2154 921 2235 Christum,
945 2155 1034 2235 qui²)
1061 2155 1111 2215 hio
1133 2154 1226 2213 dieat.

431 2269 562 2348 Omnes,
584 2273 698 2351 inquit,
721 2274 787 2332 sive
808 2273 1064 2353 patriarcharum,
1086 2274 1152 2333 aive
1175 2272 1274 2331 ouius-

355 2352 429 2414 iibet
450 2354 588 2434 apioem,
615 2356 681 2416 sive
705 2356 912 2436 metropoles,
939 2357 1103 2435 primatus,
1139 2360 1192 2416 aut
1213 2356 1276 2434 epi-

355 2445 540 2516 scopatuum
562 2438 741 2518 cathedras,
764 2440 813 2500 vel
837 2440 1035 2500 eouleeiarum
1066 2441 1277 2516 ouiuaounque

353 2519 469 2581 ordinis
493 2521 672 2601 dignitatem
706 2523 838 2584 instituit
866 2523 974 2584 Roma.
1005 2523 1156 2598 eeclesia,
1188 2521 1274 2582 illam

352 2623 425 2663 vero
447 2605 514 2683 ipse
537 2604 623 2665 solus
636 2605 790 2684 fundavit,
816 2615 847 2668 et
868 2626 961 2686 supra
975 2605 1047 2668 fidei
1062 2614 1180 2686 petram
1200 2623 1275 2664 mox

352 2688 507 2749 nasuentis
529 2690 642 2766 erexit,
665 2690 716 2767 qui
739 2689 772 2750 B.
795 2689 886 2750 Petro
908 2696 1055 2750 aeternae
1078 2690 1159 2748 vitae
1181 2687 1274 2746 olavi-

351 2789 426 2849 gero
450 2773 561 2831 terreni
583 2771 673 2832 simul
696 2778 728 2831 et
739 2773 883 2833 eoelestis
896 2773 1015 2851 imperii
1027 2774 1094 2833 iura
1109 2771 1274 2831 eommisit.

412 2853 503 2933 Rogo
518 2863 558 2932 te,
580 2855 686 2932 leutos,
700 2854 739 2915 de
749 2856 836 2916 Rom.
851 2854 1046 2935 pontificibus
1060 2861 1091 2916 et
1103 2856 1173 2934 ipsa
1183 2853 1274 2916 Rom.
1377 2863 1378 2916 t

352 2937 493 3013 eootesia,
516 2943 563 2998 tot
581 2936 702 2999 milibus
715 2945 880 3020 martyrum
909 2939 1040 3025 inooelo
1064 2944 1095 2998 et
1119 2948 1200 2998 terra
1221 2937 1274 2996 ful·
1377 2943 1378 2956 ¹

351 3027 453 3099 geute,
475 3019 536 3080 alia
547 3039 626 3099 quae
638 3028 727 3100 potes
742 3023 869 3101 sentias,
891 3022 984 3082 modo
996 3023 1146 3102 propitius
1169 3020 1224 3082 tibi
1237 3021 1276 3080 sit

352 3101 509 3178 Christus,
548 3123 587 3164 ne
608 3103 669 3164 hoo
691 3103 846 3166 decretum
869 3105 975 3166 oredaa
999 3105 1112 3166 editum
1136 3103 1175 3164 ab
1210 3103 1273 3165 ullo

352 3185 494 3246 Romano
517 3185 673 3265 pontifice,
696 3187 805 3248 saitem
829 3190 955 3250 soieute.

433 3269 583 3347 Primum,
606 3268 701 3331 verbo
724 3270 835 3332 Christi
858 3271 956 3332 aulam
980 3271 1152 3344 itomanam
1176 3269 1273 3328 eoole·
1377 3291 1378 3304 ¹

353 3351 430 3410 aiam
450 3351 608 3413 fundatam
630 3354 727 3432 garrit
752 3354 803 3414 hio
824 3355 949 3434 impius,
985 3354 1121 3433 quisquis
1145 3360 1193 3414 est
1214 3351 1273 3412 Ro-

266 3484 269 3493 ,
351 3435 433 3492 mani
455 3436 588 3496 nominis
611 3437 783 3497 ementitur.
827 3437 953 3498 Ceterae
972 3445 1074 3500 autem
1102 3432 1271 3514 (sequitur)

289 3519 292 3526 '
351 3536 414 3576 non
438 3516 592 3598 Christus,
621 3519 674 3580 sed
697 3520 839 3580 Romana
861 3521 994 3582 ecelesia
1016 3519 1177 3598 fundavit5
1202 3520 1274 3598 quia

350 3600 523 3660 Romanam
537 3602 701 3664 eeclesiam
720 3623 814 3683 supra
825 3603 896 3664 fidei
908 3611 1027 3684 petuam
1037 3604 1149 3680 erexit,
1182 3620 1274 3682 supra
1377 3641 1378 3676 3

351 3701 440 3761 quam
452 3690 580 3762 petram,
591 3705 718 3765 quaese,
730 3687 807 3747 alias
819 3687 967 3750 eeclesias
980 3686 1096 3748 erexit?
1118 3687 1167 3746 An
1183 3704 1274 3766 supra

229 3817 239 3828 .
349 3764 490 3839 arenam?
500 3765 571 3826 Non
584 3768 802 3846 ereduntidem
812 3771 953 3832 Romana
965 3769 1133 3849 eeclesiai)
1154 3771 1273 3834 stelias

610 3905 772 3914 —m

332 4011 337 4016 .
386 3970 465 4034 1)1n
484 3970 528 4023 ed.
548 3971 607 4024 ten.
626 3979 654 4024 et
678 3976 767 4029 wita:
786 3977 970 4046 obstupuisse.
989 3979 1018 4043 2)
1040 3981 1149 4036 Inedit.
1169 3983 1271 4050 priore:
1377 4033 1378 4046 ,

350 4041 424 4106 qnid.
453 4041 483 4106 3)
502 4042 586 4094 1bid.:
607 4043 760 4099 Romanam
782 4048 937 4104 ecclesiam.
1377 4055 1378 4076 ¹
