3075 4775
554 567 573 605 s
588 550 854 627 Heluiisezcopte.
926 606 931 615 ,
993 578 1000 585 ·
1058 540 1063 549 ’
1106 548 1167 617 121
1221 630 1228 641 Ι

162 755 163 814 g
245 735 372 799 vertitur
384 745 479 814 „tom
502 746 677 817 prosgnsns
698 742 731 797 et
751 737 930 797 necessaris
950 736 1025 797 mihi
1046 736 1170 800 videbe·
1198 729 1203 738 ’

246 828 314 897 tur,
338 828 372 881 nt
392 820 489 882 verbo
509 820 676 899 uliqocndo
688 822 819 881 :seriore
841 826 946 881 essent
966 820 1089 881 utendo.
1132 820 1170 883 ln
1217 882 1218 885 ,

246 904 371 981 reliquis
404 903 654 965 conclusionibus
677 903 842 965 Eccicnsm
877 922 1000 983 semper
1032 906 1171 984 experie-

247 988 319 1047 mini
342 986 537 1049 modestiam.
833 1048 834 1051 ,

328 1070 421 1131 Unde
443 1076 476 1131 et
495 1088 562 1150 ego·
578 1070 668 1131 ‘sum
690 1070 922 1131 conclusionem
935 1070 1008 1133 volo
1030 1068 1118 1131 finire
1139 1071 1171 1131 in

248 1154 445 1233 proesentis,
469 1152 560 1244 quod
580 1159 719 1233 repetem
740 1153 773 1215 S.
796 1154 917 1215 Petrum
939 1154 1103 1233 primatum
1126 1152 1172 1213 toss
1267 1206 1275 1213 .

248 1238 305 1297 tius
326 1237 518 1297 ecclesieec
539 1236 661 1297 Christo
683 1238 829 1312 tenuisse,
851 1256 891 1297 ex
912 1237 1119 1316 promissione
1143 1236 1172 1295 ei

248 1318 457 1381 lecto-bletth.
482 1321 530 1401 tq
551 1320 631 1385 sicut
650 1320 794 1401 intelligit
803 1319 1021 1399 Hieronymus,
1042 1318 1173 1381 Ambro-

248 1404 319 1479 sius,
333 1402 517 1482 Cyprianus,
539 1409 571 1463 ct
590 1402 643 1463 ulii
665 1422 704 1463 ex
725 1404 949 1481 nominatione,
971 1403 1044 1482 quie
1057 1402 1173 1481 primus

249 1488 426 1546 nominetur
448 1486 553 1549 bletth.
585 1490 633 1551 10.
667 1486 833 1546 secundum
855 1486 1004 1566 glossam
1039 1484 1173 1563 ibidem3

237 1588 286 1629 -ex
308 1569 467 1630 solutione
488 1568 609 1647 tributi,
630 1566 736 1630 Maon.
761 1572 827 1647 17„
850 1569 901 1629 ubi
923 1568 1008 1629 solus
1029 1568 1097 1647 ipse
1117 1566 1174 1629 fuit

249 1654 469 1732 ocqnipcretus
490 1651 623 1729 Christo,
640 1651 809 1713 secundnm
833 1652 1037 1732 Augustinum
1056 1657 1088 1711 et
1101 1651 1172 1711 Arn-
1254 1678 1259 1687 ·

249 1734 397 1796 bmnium.
418 1735 466 1795 Ex
479 1754 528 1809 eo,
550 1734 633 1813 quod
648 1734 785 1795 Christus
808 1736 929 1815 rogevit
950 1753 1006 1813 pro
1022 1733 1083 1794 lide
1106 1735 1172 1795 eins

248 1817 449 1879 indefectibili
471 1823 502 1879 et
522 1818 613 1878 iussit
632 1836 702 1877 eum
714 1816 897 1878 confirmare
908 1818 1016 1877 bobes
1027 1816 1098 1878 Luc.
1112 1818 1173 1893 22,

250 1901 418 1963 secundum
442 1900 697 1980 chrysostomum
720 1908 753 1961 ot
774 1900 804 1961 S.
828 1900 981 1977 Leonem,
1017 1899 1100 1977 quod
1122 1919 1174 1979 ps-

249 1991 312 2045 stor
335 1980 446 2045 ovium
463 1984 574 2044 Christi
596 1984 781 2045 constitutus
802 1991 872 2059 est,
893 1982 1005 2044 Johsn.
1028 1982 1098 2058 ult,
1128 2002 1173 2043 se·

251 2068 384 2129 cuod-nm
409 2065 663 2146 Chrysostomum
694 2073 726 2127 et
746 2066 951 2146 Gregorium3
983 2064 1067 2145 quod
1084 2064 1173 2125 Chri·

251 2157 313 2211 stus
336 2151 385 2211 nit
404 2149 444 2211 cd
468 2150 609 2209 Petrum:
633 2148 769 2229 Sequere
793 2170 864 2227 me,
886 2168 949 2211 non
971 2148 1072 2209 solum
1094 2148 1173 2208 soili-

251 2241 298 2293 oet
319 2252 438 2314 genere
458 2233 614 2311 martyrii,
649 2232 703 2298 sed
731 2239 763 2293 et
785 2233 892 2293 ordine
914 2232 1097 2313 magisterii,
1125 2250 1172 2292 se·

251 2316 383 2377 cundum
405 2314 637 2396 Theophilnm3
663 2315 747 2395 quod
769 2315 853 2375 solus
875 2317 976 2375 iussus
997 2321 1046 2375 est
1067 2315 1173 2375 Petrus

251 2402 356 2460 venire
378 2419 471 2479 super
492 2419 576 2460 more
598 2399 815 2476 chhristum,
836 2407 869 2460 ut
890 2400 935 2458 sie
956 2397 1097 2473 mundus,
1118 2417 1177 2475 per

252 2503 335 2544 mere
356 2482 554 2562 designetns,
575 2489 659 2543 totns
680 2483 710 2542 ei
732 2482 888 2544 subiectus
910 2481 1079 2542 secundum
1103 2482 1173 2542 Ber·

253 2565 381 2626 nardum
403 2565 443 2626 de
465 2565 715 2627 consideratione
726 2565 765 2625 sd
780 2565 970 2646 Eugenium,
985 2572 1014 2625 et
1036 2585 1091 2644 per
1112 2565 1174 2628 alia

254 2650 391 2728 superins
413 2647 567 2718 sdducts,
597 2654 707 2728 reputo
730 2649 962 2710 conclusionem
981 2647 1066 2708 illsm
1088 2667 1108 2706 e
1128 2653 1175 2708 tot

254 2732 365 2792 motis
388 2726 544 2808 Petrinus,
576 2738 609 2791 et
631 2732 799 2792 novissime
827 2751 847 2792 e
868 2731 1001 2792 concilio
1023 2729 1173 2792 Constan-

254 2815 342 2874 tiensi
361 2812 525 2893 probetom
548 2832 617 2874 esse
631 2832 754 2874 norom.
776 2813 857 2874 Nolo
870 2820 973 2874 temen
995 2813 1083 2872 inniti
1105 2831 1174 2891 pros

255 2899 336 2974 priue
356 2895 556 2976 prudentiae,
577 2903 702 2975 perotus
724 2898 881 2976 captivare
901 2894 1090 2956 intellectum
1114 2913 1195 2954 men

257 2998 302 3038 nm
325 2986 357 3040 et
388 2979 422 3038 in
453 2979 491 3038 iis
513 2986 544 3040 et
565 2978 795 3058 quibuscunque
815 2979 883 3040 eliis
905 2977 1020 3046 iudicio
1040 2976 1173 3038 iudicum

258 3060 493 3123 ordinandorum
513 3043 596 3121 sedis
619 3061 822 3142 spostolicae,
845 3070 876 3124 et
897 3062 1028 3124 eliorum
1044 3059 1175 3140 prudem

259 3145 325 3204 tium
348 3151 382 3205 et
402 3143 555 3204 bonorum
575 3141 722 3206 virorum]

448 3322 451 3328 Ι
503 3219 608 3304 'sili
630 3243 881 3307 DeoGlorie.
971 3291 974 3302 .

582 3409 670 3471 licre
689 3410 835 3472 munds.

552 3524 593 3586 ll.
626 3523 681 3584 Lu
697 3524 831 3600 theru
847 3545 870 3587 s.

334 3662 485 3744 Cogimur
505 3663 638 3725 adiicere
659 3618 854 3735 coronidem,
878 3661 950 3739 quis
972 3661 1114 3741 egregius
1139 3659 1176 3723 D.

259 3741 291 3804 b.
313 3744 433 3806 diluens
460 3747 584 3810 obiectu
603 3766 674 3808 msc
691 3744 791 3808 'simul
814 3743 944 3824 plurime
968 3741 1123 3823 opposuit,
1146 3747 1178 3801 et

258 3839 355 3888 rursus
378 3842 428 3892 mo
448 3831 640 3912 respondere
659 3832 788 3911 coegit·
809 3827 848 3886 lit
866 3833 1043 3906 ‘quenquam
1070 3824 1101 3883 id
1123 3842 1176 3884 vo·

258 3907 378 3971 luissem
400 3914 589 3992 praeterire,
623 3919 728 3974 tumen
755 3917 789 3972 nt
821 3909 999 3970 ordinandis
1027 3906 1207 3968 iudicibus.
1313 3909 1320 3917 '

257 4010 309 4071 per
330 3997 435 4056 omnic
457 4016 558 4060 mesm
580 3998 762 4058 sententiam
787 3993 941 4054 declarem
955 4010 976 4071 ,¹
995 3991 1100 4072 paucis
1132 4008 1178 4050 re·

258 4076 405 4157 spondeo.
451 4142 454 4149 ,
881 4146 885 4152 ,
944 4171 953 4202 r
