3075 4775
611 544 660 598 Μ
677 545 733 599 Ine.
750 543 945 598 llochstraten.
1155 540 1218 620 47]

297 749 391 791 nemo
426 749 543 811 ponere
581 735 694 810 potest.
742 728 834 803 Quod
869 728 959 808 dilui,
997 727 1154 790 adducens
1188 735 1219 789 et

296 813 515 894 illud-Apoca.
534 815 573 876 12
596 813 635 873 de
657 811 819 874 duodecim
845 811 1062 890 fundamentis,
1083 811 1229 892 defendit,
1268 823 1270 830 '

298 896 436 957 Graecos
459 899 552 958 etiam
574 895 810 972 schismaticos,
845 898 964 956 etiamsi
993 914 1056 957 non
1079 897 1139 955 sint
1160 896 1218 958 sub

297 979 475 1041 obedientia
495 981 616 1060 Papae,
638 979 739 1039 adhue
760 980 882 1040 salvari.
961 1017 965 1024 -

379 1064 427 1124 De
457 1064 667 1124 Bohemorum
700 1062 836 1122 articulis
875 1062 965 1137 dixit,
1002 1082 1041 1122 ex
1082 1062 1217 1122 articulis

297 1146 511 1207 condemnatis
531 1148 563 1206 in
585 1146 727 1207 Concilio
750 1145 979 1206 constantiensi
1006 1145 1126 1224 aliquos
1149 1163 1217 1204 esse

298 1230 575 1290 christianissimos
616 1237 647 1289 et
691 1230 906 1309 evangelicos,
956 1248 1016 1308 quo
1053 1230 1216 1290 temerario

297 1332 401 1374 errore
422 1312 536 1373 multos
557 1312 681 1391 terruit,
704 1320 735 1374 et
757 1311 917 1374 discedere
938 1313 1025 1390 fecit,
1060 1314 1111 1391 qui
1133 1313 1217 1391 prius

296 1399 326 1456 ei
346 1396 501 1459 meabant.

380 1480 467 1540 Dixit
485 1483 566 1540 inter
589 1479 660 1558 alia,
681 1497 750 1538 cum
775 1479 803 1538 ei
825 1497 1031 1559 opponerem:
1055 1478 1087 1539 Si
1108 1479 1217 1558 prima·
1306 1525 1309 1533 .

297 1571 346 1623 tus
367 1564 476 1643 -Papae
507 1570 590 1623 esset
623 1563 724 1622 solum
757 1561 797 1622 de
828 1563 894 1622 iure
920 1563 1054 1622 humano
1088 1570 1119 1622 ct
1146 1579 1216 1622 ccu-

298 1665 391 1707 seusu
412 1647 566 1724 fidelium,
603 1646 686 1706 unde
718 1647 837 1706 veniret
870 1644 926 1706 sibi
949 1646 1088 1720 habitus,
1125 1663 1216 1724 quem

296 1730 437 1810 gereret?
472 1729 553 1789 unde
582 1736 769 1810 potestatem
791 1728 990 1808 praedicandi
1011 1729 1155 1806 haberet,
1187 1737 1218 1788 et
1285 1758 1295 1768 ,

297 1813 509 1874 confessiones
541 1810 685 1873 audiendi
717 1812 975 1892 parochianorum
998 1819 1056 1888 etc.
1077 1811 1217 1890 Respon-

218 1968 224 1979 „
296 1896 397 1956 ditae
424 1897 524 1976 velle,
556 1895 674 1956 nullum
706 1915 775 1955 esse
798 1894 944 1956 Ordinem
966 1894 1215 1972 Mendicautium,

298 1981 445 2059 pleneque
477 1979 538 2040 alia
566 1979 753 2040 scandaloso
779 1984 811 2040 et
843 1977 977 2040 absurda
999 1977 1093 2057 dixit,
1131 1978 1215 2057 quod

297 2064 477 2142 Concilium,
500 2064 572 2142 quia
585 2070 690 2124 essent
703 2063 855 2140 hemines,
877 2063 977 2141 possit
997 2080 1109 2140 errare,
1132 2063 1215 2141 quod

297 2165 360 2207 nou
393 2148 576 2228 probaretur
608 2165 648 2206 ex
677 2147 833 2225 Scriptura
865 2163 969 2224 saera,
1005 2146 1215 2225 purgatorium

297 2249 366 2290 esee
386 2241 462 2309 etc,
493 2231 537 2290 uti
565 2229 708 2291 videbitis
736 2228 869 2310 legendo
892 2229 1139 2308 Disputationem
1162 2247 1216 2288 uo-

296 2319 402 2393 suam,
423 2316 495 2393 quia
514 2312 701 2374 fidelissimis
724 2313 851 2372 notariis
874 2313 1029 2393 exscripta
1050 2321 1106 2372 est.

381 2398 495 2457 Verum
516 2399 548 2457 in
571 2398 673 2457 multis
696 2416 746 2457 me
769 2397 952 2475 obruerunt,
975 2400 1121 2476 primum,
1144 2399 1215 2475 quia

297 2480 390 2541 libros
422 2500 526 2541 secum
554 2480 736 2557 attulerant,
769 2480 932 2557 inquibus
961 2490 1049 2541 crant
1070 2482 1150 2559 noti,
1186 2490 1217 2541 et

296 2572 540 2644 apportaverunt
559 2582 663 2623 secum
686 2563 725 2622 ad
747 2562 850 2623 locum
869 2562 1101 2641 Disputatiouis,
1124 2563 1215 2623 etad

296 2648 366 2707 illos
386 2651 489 2709 statim
500 2648 673 2708 habuerunt
692 2664 860 2725 recursum,
882 2646 944 2706 imo
967 2664 1007 2705 ex
1028 2646 1112 2706 libris
1135 2646 1217 2725 lege-

297 2731 372 2791 bant
393 2734 551 2809 continuo,
573 2750 642 2791 cum
666 2749 779 2809 magua
801 2748 906 2791 eorum
928 2730 1079 2789 irrisione.

378 2815 531 2885 Secundo,
553 2817 625 2894 quia
646 2814 894 2893 Disputatiouem
917 2832 1039 2893 semper
1059 2812 1216 2873 habebant

295 2898 326 2956 in
348 2900 485 2978 scriptis,
505 2906 538 2959 et
559 2905 670 2977 postea
688 2897 889 2958 conterebant
910 2897 1009 2975 domi3
1051 2914 1110 2976 ego
1140 2916 1216 2957 nun-

296 3000 387 3059 quam
408 2982 531 3062 inspexi
549 3002 641 3049 unum
659 2982 796 3059 verbum,
818 2999 979 3060 quousque
1001 2979 1136 3039 finiretur
1148 2980 1214 3039 Dis·

294 3067 425 3143 putatio,

377 3148 492 3229 Tertio,
514 3156 604 3211 erant
624 3168 729 3211 eorum
752 3148 866 3227 plures,
889 3148 960 3226 quia
981 3147 1040 3226 ipsi
1061 3148 1212 3207 Doctores

295 3230 373 3310 duo,
400 3233 550 3294 Dominus
580 3234 714 3312 Longius
742 3233 1035 3311 Augustiniauorum
1063 3232 1212 3307 Vicarius,

294 3314 356 3375 duo
390 3316 551 3379 licentiati
585 3316 752 3396 Theologi,
800 3334 877 3375 unus
914 3332 1013 3395 nepos
1050 3314 1212 3391 Reuchlin,

294 3398 422 3459 multum
435 3415 464 3476 a)
492 3420 657 3483 arrogans,
691 3408 752 3460 tres
774 3399 925 3459 Doctores
948 3400 1042 3474 luris,
1075 3398 1212 3479 Magistri

293 3482 426 3562 plurimi,
447 3488 498 3565 qui
520 3492 553 3545 et
573 3487 714 3564 privatim
739 3490 770 3542 et
791 3482 913 3561 publice
935 3482 1098 3561 iuvabant,
1120 3484 1212 3543 etiam

293 3567 414 3646 inipso
436 3570 765 3649 factoDisputationis.
809 3570 851 3627 At
862 3588 920 3649 ego
933 3568 969 3652 b)
994 3572 1089 3652 solus,
1112 3573 1213 3650 aequi-

295 3654 357 3709 tate
375 3656 547 3733 comitatus,
570 3656 717 3717 astabam.

294 3831 329 3837 ...-
352 3832 363 3837 ..
368 3832 711 3841 *qm

363 3935 389 3998 a)
409 3932 506 3986 Eccius
539 3949 594 3985 uon
618 3935 669 3983 suit
696 3946 846 3999 arrogans,
875 3930 923 3983 sed
954 3946 1040 3999 nepos
1066 3927 1208 3992 Reuchlin,

292 4004 499 4128 itqtuqetsthil.
525 4004 586 4057 liel.
660 4006 692 4072 h)
716 4004 814 4055 Eccius
851 4002 928 4056 solus
962 4005 1100 4071 aequitate
1131 4000 1210 4051 eomi-
