3075 4775
724 383 726 392 ‘
788 362 815 426 θ

332 545 376 614 56
544 547 702 614 Disputatio
727 545 835 612 lipsiae
853 543 947 600 tatia
966 560 991 598 a.
1012 542 1064 598 tiit

338 735 439 811 havit,
468 733 499 794 B.
523 732 646 794 Pstmm
666 732 841 811 apostolum
871 749 934 792 nnn
961 731 1031 811 pirus
1052 732 1147 792 laissa
1167 739 1263 811 caput

337 817 507 891 Ecclesiae,
529 835 618 895 quam
642 814 720 876 alios
743 815 915 896 apostolos.
937 814 984 875 lta
1000 814 1094 896 longa
1116 814 1196 875 sanic
1218 817 1262 874 in·

339 899 483 980 cipiandn
506 919 525 960 a
548 900 702 980 primitiva
724 898 877 975 ecclesia,
905 917 1029 979 semper
1054 900 1084 958 in
1117 898 1261 959 cmulcssc

335 981 391 1044 luit
427 981 507 1063 apud
542 982 642 1043 bonos
672 981 863 1044 Christianos
891 982 1056 1043 ecclesiam
1088 982 1261 1042 Romanam

338 1069 501 1147 primatum
524 1066 695 1126 obtinuisse
718 1065 886 1143 achilam,
907 1083 970 1126 nou
993 1067 1059 1126 iura
1078 1065 1214 1124 humano
1230 1075 1264 1124 ct

337 1149 443 1231 populi
465 1167 628 1212 consensu.

420 1233 545 1310 Fateor,
575 1231 656 1313 quod
680 1232 808 1292 Bohsmi
836 1234 866 1291 in
889 1246 1013 1292 suornm
1036 1251 1172 1292 errorum
1196 1249 1263 1311 pst·-

338 1318 429 1381 tinaci
459 1316 639 1376 defensione
664 1315 718 1376 illa
739 1326 999 1389 commemorant,
1031 1323 1064 1375 ct
1091 1315 1139 1376 his
1169 1315 1262 1374 armis

339 1401 497 1481 virulentis
520 1417 554 1459 aa
577 1398 754 1473 detendunt,
776 1409 810 1459 ot
832 1407 881 1458 sat
900 1399 1006 1459 ridere
1025 1389 1064 1458 in'
1081 1417 1187 1460 sorum
1210 1398 1265 1458 nh·

339 1484 454 1558 latione
476 1483 557 1542 iacta
578 1484 607 1541 in
632 1481 764 1560 conpilic
784 1482 957 1557 Basilicum,
972 1484 1015 1545 ⁴at'
1028 1482 1060 1542 in
1077 1483 1138 1542 alia
1161 1481 1263 1561 ‹lispu-

293 1573 298 1582 “
338 1569 456 1629 tatione
477 1566 559 1625 iacta
579 1583 683 1626 coram
706 1565 793 1644 Rege
824 1580 853 1624 at
876 1558 1074 1648 optimatibus
1110 1565 1196 1646 regni
1219 1565 1264 1623 in-

339 1660 385 1710 ter
409 1650 584 1728 Ragonium,
608 1655 639 1708 ct
660 1647 744 1708 illum
770 1649 937 1728 iniquitatis
959 1650 1130 1713 ministrum
1148 1647 1264 1708 lohan-

259 1763 266 1772 ·
339 1753 408 1792 nem
433 1732 698 1792 Roclrenzccnam.
744 1731 832 1792 Unde
865 1735 986 1792 veniam
1020 1751 1133 1811 precor
1164 1749 1185 1790 a
1214 1750 1265 1790 ve-

251 1888 258 1902 ,
339 1815 476 1876 uenando
494 1815 594 1890 Patra,
616 1817 639 1873 si
665 1815 808 1874 Bolramis
824 1815 913 1894 ·(non
937 1816 1047 1893 loquor
1067 1815 1267 1874 deOhristia·

338 1900 396 1976 uis,
418 1897 471 1958 sad
495 1898 713 1965 schismaticis)
741 1917 808 1958 sum
831 1899 974 1975 iniectus,
997 1908 1141 1978 tanquam
1165 1898 1266 1958 eccle·
1317 1895 1330 1918 ⁸

338 1983 403 2042 siaa
424 1982 563 2055 inimicis,
587 1979 719 2060 siquod
742 2000 848 2042 aarum
877 1983 1041 2060 praesenti
1058 1999 1175 2041 memor
1196 1999 1264 2039 sum
1347 2041 1360 2054 κ

339 2065 555 2145 disputatione,
579 2066 725 2143 quoniam
748 2079 780 2124 et
791 2065 949 2126 conclusio
962 2066 1039 2145 ipsa,
1062 2073 1095 2124 et
1115 2083 1162 2141 aa,
1184 2083 1267 2142 quaa

337 2148 402 2208 heri
424 2147 519 2206 allata
547 2153 636 2224 sunt,
666 2148 829 2226 primatum
858 2147 1014 2208 'ecclesiae
1040 2148 1105 2208 iura
1127 2147 1264 2206 humano

338 2232 555 2307 constitutum,
579 2246 648 2290 mac
672 2249 767 2309 parvo
792 2238 824 2291 et
846 2231 917 2292 exili
940 2231 1069 2307 iudicio,
1100 2230 1265 2310 plurimum

339 2315 446 2373 lavent
460 2312 613 2374 erroribus
627 2331 742 2391 sorum,
766 2325 806 2391 at,
828 2325 860 2373 ut
881 2310 966 2389 lama
982 2323 1038 2383 est„
1062 2311 1101 2374 da
1116 2311 1178 2372 hoc
1198 2312 1265 2394 plu-

337 2398 445 2457 rimum
467 2396 666 2477 gratulantur.
689 2397 776 2457 Haec
798 2398 891 2457 modo
910 2398 1134 2478 inpraesentia
1154 2395 1266 2456 afferre

313 2479 431 2557 libet,
461 2478 619 2543 auditurus
651 2480 810 2540 reverentii
834 2481 929 2563 Patris
967 2490 998 2541 ct
1025 2476 1209 2541 sententiam
1234 2492 1266 2539 ct

340 2561 534 2643 alligatorum
558 2562 754 2625 solutionem.

671 2743 712 2804 M.
740 2743 943 2807 Lntherua.

422 2895 553 2955 Primum
577 2896 690 2957 diluam
715 2864 949 2973 coutumeliam,
987 2897 1069 2975 quod
1099 2916 1159 2992 mc·
1179 2916 1267 2987 cgra-

341 2980 409 3059 gius
433 2979 468 3038 D.
492 2979 610 3039 Ductor
637 2980 795 3047 insimulat
815 2979 1001 3039 Bohemicae
1036 2980 1177 3039 factionis
1205 2987 1265 3039 stu-
1368 3046 1372 3051 p

340 3060 461 3122 illosum
487 3062 622 3141 stplane
642 3070 817 3142 patronum,
838 3069 945 3142 parcat
956 3062 984 3123 si
996 3062 1156 3138 Dominus,
1178 3082 1265 3141 prae-

341 3145 444 3205 sertim
468 3144 497 3202 in
522 3152 607 3205 tanta
630 3164 746 3208 corona
767 3152 921 3205 tantorum
935 3146 1079 3205 virorum.
1102 3144 1264 3223 Nunquam

329 3226 411 3286 *mihi
435 3226 549 3305 placuit
570 3246 628 3289 nec
648 3230 679 3287 in
702 3236 859 3288 aeternum
893 3228 1029 3307 placebit
1059 3226 1266 3308 quodcunque

338 3310 472 3389 schisma
494 3310 598 3391 iniqua
620 3312 738 3371 faciunt*
759 3312 913 3386 Bihami,
937 3312 1019 3390 quod
1043 3312 1264 3372 secularitate

338 3394 464 3472 propria
487 3403 631 3472 separant
652 3414 670 3453 a
692 3403 799 3454 nostra
821 3396 955 3468 unitate,
977 3395 1096 3454 etiamsi
1119 3396 1166 3454 ius
1188 3394 1263 3453 divi-

252 3502 260 3513 *
338 3495 410 3534 num
432 3493 488 3554 pro
505 3477 549 3535 eis
571 3484 681 3538 staret:
711 3496 779 3536 cum
803 3495 974 3557 supremum
997 3479 1045 3536 ins
1066 3479 1201 3537 divinum
1214 3479 1266 3536 sit

338 3561 450 3618 caritas
473 3565 503 3617 ct
524 3560 624 3619 unitas
644 3563 781 3641 spiritua.

419 3638 489 3701 Hoc
521 3660 580 3723 ego
614 3645 750 3723 quaesivi
774 3643 891 3719 scium,
925 3652 957 3703 ct
984 3662 1062 3723 rogo
1095 3642 1266 3722 quamlibet

338 3723 449 3784 bonum
466 3722 678 3797 Christianum,
702 3726 844 3807 dignatur
858 3726 1032 3787 Christiana
1048 3727 1175 3786 caritate
1196 3740 1264 3805 'pss-

337 3806 488 3886 pandare,
521 3828 559 3868 an
584 3828 644 3869 nnn
669 3811 708 3869 sit
734 3809 829 3890 lunga
848 3810 890 3867 im
914 3808 1133 3869 udentissimaa
1155 3802 1264 3888 iniqui-

337 3892 428 3968 tatis,
458 3898 503 3952 tot
525 3891 620 3951 millia
643 3900 806 3972 martyrum
829 3899 862 3951 et
883 3829 1064 3953 &anctorum
1086 3911 1142 3973 par
1162 3910 1263 3952 annos

338 3974 419 4033 mille
449 3982 480 4033 at
511 3973 751 4055 quadringentos
779 3975 809 4035 in
838 3994 950 4055 graeca
984 3974 1118 4035 ecclesia
1138 3974 1262 4035 habitos

336 4063 425 4117 extra
437 4056 599 4117 ecclesiam
611 4058 732 4139 eiicere,
745 4064 777 4118 et
792 4075 874 4136 nunc
884 4056 1006 4136 demum
1024 4058 1115 4118 eham
1131 4076 1261 4150 regnan,-
