3075 4775
336 503 402 572 470
612 504 657 560 Vl.
675 503 779 564 Conso
798 504 946 576 Quomodo
964 506 1001 566 sil

339 693 510 759 sonarent
554 695 597 758 ut
623 695 710 760 Deus
742 714 866 776 quoque
895 715 958 760 nou
987 701 1093 777 potest
1123 715 1187 760 uon
1224 697 1267 758 tui

339 797 434 860 agere
455 798 571 857 eurum,
592 780 617 840 si
639 778 735 841 verbo
756 787 788 840 et
810 785 1003 842 sacramento
1027 781 1122 861 ipsius
1146 779 1267 858 eredas,

339 863 417 924 siout
440 862 519 923 Psal.
539 864 579 926 32
601 861 692 924 dicit:
714 862 858 926 Firmabo
880 883 973 945 super
994 870 1025 926 te
1041 864 1149 926 oeulos
1166 883 1266 926 meos.

339 946 454 1006 Verum
477 965 545 1010 oum
569 946 651 1008 Deus
674 947 717 1008 tui
740 947 805 1028 agit
827 966 946 1026 euram,
976 947 1059 1008 idem
1081 966 1190 1010 ornnes
1214 967 1267 1009 an·

338 1029 416 1110 geli,
446 1049 555 1092 omnes
576 1031 735 1091 sanetius
756 1037 916 1092 creaturae
939 1049 1047 1094 omnes
1069 1031 1200 1108 laniunt,
1224 1038 1267 1092 te-

340 1132 400 1192 que
422 1113 562 1174 manibus
590 1115 652 1174 suis
681 1119 870 1192 sustentant,
903 1116 933 1175 in
956 1113 1018 1178 lide
1040 1115 1268 1194 persistentem,

339 1204 372 1258 st
391 1197 453 1256 iam
475 1198 536 1259 iam
559 1197 696 1258 morituri
718 1198 877 1277 exeipiunt
898 1198 1042 1276 animam,
1065 1217 1104 1258 ne
1125 1217 1246 1278 pereas.

299 1285 306 1296 ⁴
423 1279 550 1361 Signum
574 1287 622 1340 est
643 1280 731 1340 huius
764 1282 808 1341 rei
831 1281 983 1359 Heliseus,
1005 1283 1034 1344 4.
1055 1281 1132 1362 ng.
1156 1284 1191 1358 6,
1215 1282 1267 1366 qui

340 1365 384 1423 sio
406 1383 526 1424 servum
554 1383 641 1424 suum
670 1363 892 1443 compellabat:
921 1364 969 1426 Ne
993 1373 1129 1442 metuas,
1160 1365 1267 1444 plures

340 1448 422 1508 enim
444 1446 604 1508 nobiseum
636 1453 708 1507 sunt
736 1465 828 1526 qnam
857 1466 924 1508 eum
957 1448 1037 1524 illis,
1069 1467 1139 1507 oum
1161 1454 1267 1510 tamen

340 1531 475 1610 undique
507 1530 640 1592 hostium
668 1532 806 1592 exercitu
834 1538 939 1592 essent
968 1531 1180 1611 oiroumsepti,
1214 1550 1267 1590 ns·

342 1615 516 1691 minemque
548 1614 640 1673 alium
675 1616 798 1693 praeter
819 1614 925 1676 hostes
948 1614 1097 1678 viderent.
1136 1613 1269 1694 Aperuit

342 1697 446 1776 itaque
466 1697 618 1758 Dominus
641 1697 750 1758 oeulos
773 1698 876 1777 pueri,
905 1704 938 1757 ut
966 1696 1098 1774 videret,
1139 1705 1170 1758 st
1192 1717 1267 1757 eoee

342 1799 431 1840 mons
452 1779 563 1860 plenum
584 1798 731 1860 equorum
755 1787 787 1840 et
808 1799 948 1842 eurruum
971 1781 1131 1861 igneorum
1156 1781 1186 1842 iu
1211 1783 1267 1842 uir·

343 1864 457 1924 sumitu
479 1861 584 1928 Elisei.

422 1945 508 2008 Idem
530 1945 671 2007 omnibus
692 1946 753 2006 illis
776 1945 827 2022 fit,
852 1947 903 2024 qui
925 1947 991 2007 Deo
1016 1946 1153 2009 eredunt.
1196 1946 1268 2006 Per-

342 2033 440 2091 tinent
459 2036 563 2091 autern
585 2029 645 2090 hue
666 2029 720 2093 illa
740 2029 771 2090 in
794 2029 935 2102 Psalmis,
957 2028 1038 2091 Psal.
1051 2031 1107 2095 34:
1132 2029 1268 2092 Oireum-

342 2113 438 2174 vallat
465 2113 594 2193 angelus
622 2112 747 2173 Domini
781 2113 812 2172 in
842 2113 969 2176 eirouitu
992 2113 1162 2174 timentium
1185 2132 1270 2190 eum,

342 2204 373 2256 et
401 2196 510 2276 eripiet
538 2214 610 2273 eos,
645 2198 774 2260 et12u:
804 2194 864 2270 Qui
886 2194 1046 2259 oonfidunt
1066 2198 1097 2256 in
1120 2196 1269 2274 Domino,

342 2280 420 2337 siout
441 2297 531 2337 mons
553 2278 640 2353 Zion,
663 2297 726 2338 non
751 2279 1044 2355 eommovebuntur,
1068 2278 1123 2340 sed
1145 2299 1269 2359 semper

341 2359 523 2424 habitabunt
543 2361 754 2439 Hierusalem,
786 2369 907 2424 montes
930 2363 1005 2445 (huo
1027 2369 1094 2439 est,
1114 2363 1268 2425 Dominus

342 2442 426 2526 ipse)
450 2447 481 2505 in
504 2446 630 2506 oiruuitu
648 2446 755 2525 populi
778 2446 825 2507 sui
849 2465 932 2507 nuno
953 2454 984 2506 et
997 2466 1095 2526 usque
1116 2447 1147 2509 in
1169 2454 1268 2509 neter-

342 2548 465 2671 numm
486 2614 542 2674 91:
565 2611 695 2692 Angelis
717 2612 780 2671 suis
803 2612 961 2673 mandavit
981 2612 1021 2673 de
1043 2619 1089 2688 te,
1112 2615 1145 2673 ut
1166 2618 1268 2674 eusto-
1385 2664 1388 2675 ,

341 2694 427 2755 diunt
447 2701 477 2755 te
497 2696 529 2754 in
553 2695 693 2756 omnibus
716 2696 773 2753 viis
796 2696 865 2774 tuis,
887 2696 918 2757 in
941 2695 1081 2758 manibus
1098 2696 1267 2775 portabunt
1297 2747 1301 2761 .

343 2785 390 2854 ta,
424 2797 464 2839 ne
498 2776 637 2839 offendas
666 2776 705 2856 ad
734 2778 869 2858 lapidem
900 2778 1011 2859 pedem
1035 2785 1140 2857 tuum,
1174 2799 1268 2860 super

341 2861 480 2941 aspidem
514 2867 545 2921 et
571 2862 747 2923 basilisonm
780 2861 968 2940 ambulabis,
1003 2869 1035 2922 et
1068 2861 1267 2923 eonsuloabis

343 2945 464 3006 leonem
487 2951 519 3005 et
540 2943 706 3007 draconem
733 2945 811 3016 thoe
833 2950 899 3021 est,
929 2962 1037 3005 omnes
1067 2946 1148 3005 vires
1172 2952 1204 3007 et
1223 2946 1267 3005 in-

342 3027 438 3088 sidiae
460 3026 576 3089 diaboli
598 3047 661 3088 non
683 3027 907 3108 praevalebunt
928 3028 1075 3089 adversus
1099 3026 1161 3110 te).
1184 3027 1266 3103 Quo-

341 3112 423 3171 niam
445 3111 476 3170 in
500 3112 715 3191 inasperavit,
738 3110 877 3173 liberabo
899 3131 978 3187 eum,
1001 3118 1161 3193 protegam
1185 3133 1267 3189 sum,

342 3194 486 3273 quoniam
510 3196 658 3273 oognovit
679 3213 794 3255 nomen
816 3214 937 3272 meum,
978 3195 1122 3257 clamavit
1143 3194 1183 3255 ad
1206 3216 1266 3274 me,

341 3276 504 3339 exaudiam
528 3296 613 3354 eum,
647 3278 807 3357 oumipso
830 3280 951 3339 eumin
975 3278 1185 3356 tribulatione,
1210 3280 1266 3341 eri-

342 3360 423 3438 piam
452 3380 522 3420 eum
550 3366 581 3421 et
601 3358 783 3440 glorificabo
806 3380 891 3439 eum,
923 3361 1117 3443 longitudine
1146 3361 1264 3423 dierum

341 3442 468 3521 replebo
490 3464 570 3520 eum,
593 3455 623 3503 et
645 3444 808 3505 ostendam
831 3443 876 3508 illi
898 3446 1030 3507 salutare
1052 3464 1164 3507 meum.
1226 3442 1231 3447 ’

424 3523 475 3588 Sin
495 3546 619 3606 quoque
640 3529 802 3607 apostolus
823 3527 951 3591 Ebraeis
967 3526 1005 3611 l¹)
1029 3528 1181 3605 snribsns,
1205 3530 1265 3591 ait:

341 3610 481 3691 Angelos
525 3608 672 3690 (quorum
706 3612 868 3672 innumera
899 3618 947 3678 est
979 3611 1159 3690 multitudo)
1195 3631 1266 3675 esse

340 3692 619 3755 administratorios
642 3694 783 3773 spiritus,
817 3695 867 3774 qui
899 3696 929 3755 in
958 3695 1158 3760 ministerium
1178 3696 1265 3757 emit-

342 3785 443 3838 tantur
464 3783 591 3856 propter
612 3796 677 3852 eos,
700 3779 751 3856 qui
764 3778 914 3839 haeredes
937 3785 1027 3841 erunt
1044 3778 1163 3843 salutis.
1185 3778 1266 3843 Hine

341 3867 405 3936 ast,
442 3860 525 3937 quod
558 3860 731 3939 patriarcha
760 3860 853 3923 laoob
887 3863 948 3925 iam
979 3862 1144 3926 moriturus
1180 3861 1265 3941 dioit,

663 3998 760 4007 «ao-...nv-

388 4049 420 4114 *)
441 4048 541 4101 burae.
560 4049 584 4101 1.
