3075 4775
532 576 568 631 da
585 576 766 631 &commento
786 575 926 647 bsptitmt.
1139 574 1200 641 399

271 762 391 843 incipit,
412 769 511 825 terna
526 763 673 843 gratiaco
687 764 794 843 spiritu
817 779 872 825 suo
892 764 1054 844 perfundit,
1077 770 1201 825 sanctus

275 851 377 906 antem
392 846 521 926 Spiritus
543 847 646 907 statim
663 854 804 907 naturam
826 854 857 907 et
870 852 1001 928 peccata
1014 846 1201 909 mortificare

272 930 397 1009 incipit,
434 937 528 1010 atque
547 930 590 989 ita
619 933 650 990 te
672 929 710 989 ad
735 936 865 991 mortem
890 936 921 991 et
940 932 1199 992 resurrectionem

270 1013 305 1071 in
326 1013 498 1074 nouissimo
520 1012 572 1073 die
591 1020 766 1093 praeparat.
965 1025 967 1034 ·
1061 1009 1064 1013 ’
1155 1032 1157 1037 ·

357 1094 511 1175 Secundo,
532 1103 702 1177 praeterea,
725 1096 797 1175 quia
820 1096 1007 1157 tnamtidem
1023 1096 1199 1179 obstringis,

274 1183 304 1238 te
327 1179 430 1259 quoad
451 1181 538 1240 vivas
569 1188 651 1239 tuam
675 1198 799 1239 carnem
823 1198 860 1240 ac
887 1187 1016 1261 peecata
1039 1180 1199 1241 mortifica-
1255 1236 1256 1241 ,

158 1329 164 1353 Ι
273 1268 392 1341 turnm',
421 1271 493 1323 eum⁴
513 1278 636 1342 quoqne
658 1262 850 1323 voluntatem
873 1269 955 1323 marn
977 1262 1089 1345 probat
1105 1264 1199 1342 Deus,

272 1352 368 1423 teque
389 1346 490 1406 multis
504 1363 542 1406 aa
556 1346 647 1405 variis
665 1346 753 1407 bonis
777 1346 930 1426 operibus,
953 1346 1055 1426 quoad
1078 1348 1200 1424 vixeris,

273 1435 408 1507 exercet,
430 1435 696 1511 praeterea-emec
718 1429 986 1507 ctatssictionibus,
1009 1430 1116 1509 quibus
1129 1429 1198 1507 hoc,

273 1511 357 1591 quod
377 1509 461 1573 tuin
484 1513 638 1593 baptismo
659 1514 785 1597 petiisti,
807 1512 952 1591 conficit,
974 1526 1087 1595 nempe
1115 1521 1147 1573 ut
1169 1521 1199 1574 te

273 1594 383 1655 liberet
404 1614 423 1655 a
444 1597 590 1676 peccatis,
613 1595 786 1675 mortificet,
811 1604 841 1657 et
863 1598 1023 1657 resuscitet
1043 1598 1073 1657 in
1097 1598 1199 1675 nouis-

273 1679 352 1739 simo
374 1678 433 1752 die,
455 1686 548 1758 atque
569 1681 613 1739 ita
635 1678 806 1759 baptismus
826 1679 1012 1741 absolvatur.

334 1762 433 1823 dum
454 1764 548 1843 igitur
579 1762 710 1842 legimus
733 1767 787 1823 aut
807 1762 962 1841 videmus,
990 1762 1121 1823 Sanctus
1136 1764 1199 1822 'mi-

272 1863 341 1905 sere
364 1844 476 1925 affligi,
506 1846 598 1905 variis
618 1848 693 1906 item
715 1846 852 1907 exerceri
875 1845 1117 1920 calamitatibus,
1155 1847 1199 1905 sic

272 1929 462 2008 sentiamus,
495 1928 551 1989 iila
572 1930 677 1989 omnia
702 1928 768 1990 fieri
790 1946 809 1989 a
830 1930 964 2009 propitio
987 1930 1070 2005 Deo,
1090 1936 1122 1987 ut
1144 1939 1198 1989 eos

273 2010 450 2092 mortificet,
495 2018 527 2072 ct
563 2013 609 2072 sio
641 2011 771 2072 satisfiat
813 2019 1007 2073 sacramento
1046 2012 1199 2091 baptismi,

272 2112 386 2175 nempe
420 2106 453 2155 nt
487 2096 598 2155 mortui
619 2094 817 2175 retingantur.
860 2095 926 2156 Nisi
950 2097 1030 2156 enim
1054 2095 1115 2156 boc
1135 2094 1199 2171 fiat,

272 2185 307 2238 nt
334 2178 427 2239 maiis
454 2177 545 2239 malis
566 2179 768 2240 exerceamur
802 2184 833 2239 et
854 2180 1022 2256 iactamur,
1056 2187 1200 2259 corrupta

271 2262 351 2321 haec
371 2269 481 2322 natura
502 2263 605 2325 vincet
626 2282 699 2341 nos,
723 2269 756 2322 ut
777 2262 877 2321 nulius
900 2264 939 2323 sit
951 2262 1095 2343 baptismi
1118 2264 1199 2339 usus,

270 2345 327 2406 sed
349 2344 480 2406 subinde
501 2365 519 2406 a
540 2351 670 2426 peccato
704 2347 737 2406 in
766 2352 927 2427 peccatum
948 2345 1141 2424 recidamus,
1169 2355 1200 2408 ct

271 2430 350 2489 tales
366 2442 532 2509 perpetuo,
553 2428 662 2509 quales
683 2431 747 2489 nati
768 2449 884 2508 sumus,
907 2449 1095 2492 maneamus.

354 2511 506 2591 Docimo,
540 2531 609 2573 cnm
632 2518 767 2594 ergotu
799 2531 868 2574 oum
892 2514 959 2574 Deo
993 2513 1055 2573 tale
1089 2515 1197 2594 iungas

150 2584 151 2645 ἶ
269 2595 399 2675 foedus,
428 2597 496 2676 ipse
518 2597 652 2657 vicissim
674 2598 881 2677 pergratiam
904 2615 990 2656 suam
1013 2615 1047 2656 se
1069 2596 1199 2656 obstrin-

150 2676 151 2693 ’
268 2680 329 2759 git,
353 2679 435 2758 quod
456 2681 600 2758 reliquias
622 2687 831 2760 peccatorum,
853 2698 932 2760 quae
953 2698 972 2739 a
990 2679 1144 2762 baptismo
1167 2682 1198 2740 in

270 2771 382 2822 natura
402 2774 456 2823 tua
474 2772 647 2842 supersunt,
670 2763 748 2824 nolit
768 2764 929 2842 imputare,
951 2763 1093 2841 adeoque
1115 2763 1198 2841 quod

268 2853 397 2988 propter
426 2854 532 2906 eante
553 2847 632 2909 nolit
652 2845 869 2908 condemnare.
914 2846 952 2908 lu
981 2846 1054 2906 satis
1084 2852 1131 2909 est
1159 2847 1198 2924 ei,

291 2947 392 3008 oeque
421 2930 511 2990 unice
542 2929 676 3010 probat,
710 2931 737 2991 si
757 2929 882 2990 assiduo
918 2929 1041 2992 labores
1070 2937 1198 3010 peccata

270 3011 466 3089 mortificare,
488 3019 519 3073 et
541 3021 670 3073 mortem
693 3019 834 3093 exoptes,
854 3032 932 3094 quae
954 3014 1089 3074 innatam
1112 3011 1196 3072 illam

268 3094 307 3154 ad
331 3096 523 3186 peccandum
546 3098 606 3157 vim
630 3095 728 3159 tollat.

352 3177 385 3238 st
404 3180 499 3260 igitur
520 3181 634 3242 sentim
657 3187 687 3240 te
710 3178 797 3241 malis
810 3179 1062 3260 cogitationibus,
1085 3197 1198 3244 concu-

150 3299 156 3313 ·
268 3262 431 3342 piscentia,
452 3264 524 3324 item
547 3263 616 3324 aliis
639 3261 799 3324 affectibus
817 3263 936 3343 agitari,
958 3264 1020 3325 imo
1043 3263 1069 3325 si
1092 3261 1197 3324 videas

150 3362 151 3369 ¹
267 3343 435 3424 aliquando
458 3347 638 3428 prolapsum
672 3353 703 3407 te
724 3347 756 3406 in
779 3353 939 3426 peccatum
962 3345 1109 3426 aliquod,
1144 3345 1198 3406 illa

267 3429 375 3488 omnia
396 3437 480 3490 certo
503 3429 558 3490 tibi
581 3437 652 3490 sunt
674 3429 861 3508 condonata,
883 3431 913 3490 vi
935 3429 1091 3509 foederis,
1114 3427 1197 3510 quod

267 3530 336 3571 cum
361 3511 429 3574 Dec
451 3514 576 3574 iunxisti
599 3515 630 3573 in
653 3513 714 3573 hcc
736 3519 947 3592 sacramento,
977 3515 1003 3572 si
1037 3512 1129 3573 modo
1153 3530 1197 3574 rc-

266 3596 397 3675 sipiscas
420 3616 456 3656 ac
476 3595 586 3657 redeas
608 3595 647 3657 ad
669 3597 731 3656 hoo
750 3595 860 3656 foedus
883 3597 974 3674 eique
995 3595 1113 3658 credas.

350 3677 386 3738 Id
407 3679 490 3759 quod
513 3679 543 3743 Β.
566 3680 678 3740 Paulus
694 3680 790 3740 Rom.
813 3681 842 3742 8.
863 3679 988 3757 indicat,
1013 3697 1081 3740 curn
1104 3680 1197 3740 dicit:

265 3762 359 3821 Nulla
388 3781 469 3824 nnnc
502 3762 821 3840 condemnatorum,
844 3763 874 3822 id
897 3769 963 3842 est,
986 3762 1039 3822 illa
1070 3771 1197 3822 naturae

266 3847 332 3924 vis,
368 3846 489 3924 quaed
511 3847 702 3926 peccandum
730 3847 816 3906 inriti
849 3848 997 3926 rapimur,
1032 3847 1195 3923 neminem,

266 3930 370 4010 quiin
395 3927 547 3990 Obristurn
570 3929 688 4006 eredit,
710 3928 899 3990 condemnat
917 3931 987 4010 „si
1011 3929 1102 3989 modo
1126 3947 1194 3988 eam

150 4012 151 4041 ¹
266 4029 331 4072 non
353 4012 522 4092 probemus
543 4031 581 4074 ac
604 4011 814 4074 defendamus.

349 4096 425 4158 item
447 4095 650 4162 &iohannes
672 4095 704 4156 in
726 4113 782 4156 sna
803 4097 953 4194 canonica
974 4113 999 4158 c.
1016 4096 1049 4158 2:
1074 4093 1106 4154 St
1128 4094 1196 4173 quis
