3075 4775
500 534 584 594 .qu
598 534 640 592 ,da
656 539 797 611 potestate
813 534 923 605 Papae„
1112 532 1174 601 337

253 724 433 803 Μάριε
453 722 528 787 iiiia.
560 722 615 790 ‚ln
626 723 749 787 Petrum
764 702 1082 807 fatemuripn'ncipem
1102 732 1178 808 apa

254 807 414 885 stolorum,
436 808 567 887 primum
581 807 732 867 ecclesiae
746 808 925 888 membrum,
939 817 1031 889 caput
1052 809 1177 892 collegii

254 891 442 981 apostolici,
464 898 496 951 et
517 890 593 967 alia,
614 899 697 969 “quae
718 889 757 952 de
778 910 816 953 eo
838 891 870 953 S.
893 892 999 953 Patres
1022 890 1174 953 dixerunt.

253 974 297 1036 lta
321 972 462 1055 ridemus
495 983 526 1036 ct
546 974 713 1037 Romanos
739 974 903 1054 pontifices
936 994 1059 1055 semper
1081 976 1176 1039 tuisse

253 1057 441 1135 muratos,
465 1064 498 1119 ιιι
518 1052 714 1120 §accessores
735 1059 833 1134 Petri,
857 1066 888 1119 et
909 1061 1008 1139 primo
1031 1059 1102 1119 loco
1122 1060 1176 1119 he·

254 1140 344 1205 bites.
388 1140 479 1201 Etin
501 1141 669 1203 haerente
702 1148 733 1201 et
765 1140 961 1203 laudabiliter
989 1150 1090 1202 actum
1119 1150 1177 1221 eat,

254 1224 418 1304 etegitur,
440 1222 659 1304 agendumque
679 1231 730 1285 est
750 1226 817 1285 aine
840 1226 975 1305 querela.
1115 1268 1118 1275 .
1152 1270 1153 1273 ,

337 1307 426 1371 Alter
446 1315 549 1370 nutem
572 1310 718 1386 primatus
753 1310 916 1387 potestatis
944 1327 1099 1387 nunquam
1121 1308 1178 1369 fnit

256 1392 345 1452 Petro
369 1390 475 1469 datus,
498 1392 569 1470 qnia
584 1390 718 1469 ,quilibet
741 1392 953 1471 apostotorum
977 1394 1043 1451 sine
1065 1392 1176 1451 autori-

254 1473 416 1555 tatePetri
429 1473 619 1553 praedicavit
631 1475 837 1554 evangelium,
860 1477 1025 1555 episcopos
1043 1483 1073 1534 et
1095 1494 1178 1553 pres-

254 1556 549 1636 bytcrcsordinarit
570 1556 690 1620 inluuie
713 1558 786 1618 suis.
830 1558 945 1619 Omnes
967 1578 986 1618 a
1008 1558 1075 1619 eolo
1094 1556 1176 1617 chri-

256 1649 303 1701 sto
327 1647 401 1701 suut
420 1640 592 1719 aequaliter
613 1642 707 1717 missi,
731 1647 762 1701 et
779 1641 965 1701 immediate.
1008 1641 1097 1701 Hune
1119 1641 1178 1721 pri·

255 1730 371 1787 matum
394 1725 445 1783 isti
460 1724 671 1786 honeetisaiuti
684 1724 829 1785 Oenones
852 1725 999 1803 ambiunt,
1024 1733 1054 1784 et
1077 1722 1176 1783 verbis

255 1806 316 1867 aa
334 1808 466 1869 abanim
483 1808 517 1868 iu
538 1806 619 1867 hanc
640 1806 1072 1886 tyrannidemstabilieudam
1116 1806 1179 1867 No*

256 1890 321 1953 lunt
344 1890 427 1952 enim
467 1890 562 1951 ullum
595 1891 776 1970 episcopum
804 1892 835 1951 in
854 1898 925 1951 tota
958 1890 1073 1951 maudo
1102 1888 1177 1967 fieri,

256 1973 314 2036 uisi
336 1973 463 2052 pellium
498 1981 531 2033 et
561 1975 758 2035 autoritatem
776 1974 834 2035 Re.
866 1972 1022 2053 pontificis
1055 1972 1177 2033 habeat
1207 1986 1214 1997 “

256 2056 295 2117 ut
316 2056 369 2140 utri
390 2057 497 2117 Petras
520 2076 590 2117 sese
611 2076 675 2118 non
696 2056 808 2117 extulit
822 2076 915 2137 super
936 2056 1113 2135 apostolus,
1135 2056 1177 2116 ibi

164 2161 165 2172 ¹
256 2140 346 2201 unius
365 2138 503 2218 apostoli
524 2158 700 2217 successor,
733 2140 828 2221 longe
850 2142 951 2201 minor
971 2158 1028 2200 sno
1050 2138 1178 2219 praedo

164 2231 165 2238 ’
256 2241 383 2285 οθεθοιθ
405 2223 504 2301 (sicut
523 2224 690 2302 epiecopus
710 2224 894 2303 apostolo),
924 2243 986 2283 nou
1013 2230 1178 2283 contentus

255 2306 385 2367 honoris
406 2306 554 2385 primatu,
586 2306 723 2367 omnium
756 2307 969 2387 apostolorum
993 2308 1177 2367 suecessori-

256 2390 312 2453 bus
343 2389 409 2450 vnit
437 2389 589 2452 dominari
610 2390 641 2450 in
675 2397 829 2469 potestate
852 2398 884 2451 et
905 2391 1069 2463 violentia,
1106 2389 1178 2472 [sed

255 2493 319 2536 uon
342 2473 435 2537 etiam
457 2474 516 2552 ipsi
537 2491 666 2552 pascere
687 2470 764 2554 ete]
1160 2509 1162 2514 ,

360 2555 452 2618 Hane
482 2557 638 2618 rationem
676 2557 823 2618 invictam
856 2575 982 2637 oppono
1025 2555 1183 2631 omnibus,

255 2645 306 2720 qui
329 2641 472 2701 Romano
494 2637 634 2718 pontifici
656 2639 820 2701 adulantur
843 2659 935 2720 super
957 2641 1050 2700 totius
1074 2635 1178 2697 mnndi
1247 2681 1249 2685 .

255 2725 407 2800 dominio,
429 2731 460 2782 et
481 2729 629 2802 exspecto
653 2742 721 2784 cum
744 2723 872 2802 fiducie,
902 2723 1047 2802 quidnam
1072 2730 1180 2780 contra

255 2807 379 2888 possint
400 2825 536 2883 movere,
558 2812 612 2866 aut
632 2809 770 2886 gannire.
794 2807 862 2883 Qua
883 2807 973 2868 simul
987 2805 1092 2882 fret-us,
1113 2811 1202 2863 tan·

255 2911 349 2972 quam
369 2890 574 2971 certissima,
605 2898 636 2950 et
668 2891 810 2951 omnibus
848 2891 1009 2950 notissima
1042 2887 1177 2964 veritate,

255 2994 324 3034 cum
345 2971 458 3032 fiducia
479 2973 653 3052 proclamo:
688 2973 779 3048 Quod
803 2975 948 3050 Decreta,
977 2989 1178 3053 quaecuuque

254 3057 348 3118 aliter
359 3061 505 3133 statuunt,
518 3075 581 3116 non
595 3055 689 3117 modo
705 3057 901 3138 frigidissima
914 3065 993 3131 suut,
1016 3053 1069 3114 sed
1086 3055 1176 3114 ctiam

255 3140 413 3203 contraria
434 3138 557 3199 divinae
580 3139 769 3219 Scripturee,
802 3140 964 3222 evangelio
988 3145 1019 3198 et
1041 3137 1178 3214 Actibus,

256 3223 400 3306 epistolis
422 3223 644 3301 apostolorum.
688 3223 722 3284 lu
744 3223 854 3304 quibus
877 3232 938 3284 tam
962 3220 1082 3298 crebre,
1117 3227 1178 3280 tam

256 3315 376 3390 aperte,
400 3307 613 3387 apostolorum
634 3308 787 3386 aequalis,
811 3309 895 3368 etin
921 3305 1034 3366 mundo
1058 3304 1181 3365 diversa

257 3393 427 3454 commissa
447 3392 607 3471 provincia
627 3391 818 3469 describitur,
840 3398 874 3450 ut
895 3409 954 3470 ego
978 3409 1040 3450 non
1062 3390 1177 3470 passim

257 3477 333 3536 satis
353 3475 507 3551 admirari,
524 3474 745 3554 esse‘potuisse
762 3493 896 3553 unquam
916 3481 976 3534 tarn
1000 3473 1179 3534 temerarios

257 3559 453 3635 adulatores,
492 3559 543 3638 qui
565 3566 673 3618 contra
693 3558 772 3618 haec
793 3557 920 3617 fulmina
933 3555 1116 3636 ,scripturae
1139 3557 1153 3616 f
1172 3591 1180 3602 ·

259 3663 344 3703 mum
367 3661 453 3701 suurn
478 3647 631 3701 terrenum
655 3642 758 3701 levare
781 3639 943 3715 auderent,
978 3639 1039 3700 hoc
1061 3642 1179 3700 irreces-

259 3728 322 3788 sori
345 3725 425 3800 Petri
449 3725 598 3806 episcopo
622 3731 818 3805 arrogantes,
848 3723 930 3802 quod
954 3743 1013 3784 nec
1034 3722 1179 3803 apostola

259 3811 352 3871 Petro
375 3809 608 3891 praedecessori
636 3816 770 3887 unquam
800 3807 983 3888 permissum
1018 3814 1072 3866 est.
1115 3804 1181 3866 Nec

260 3901 364 3955 tamen
388 3893 534 3970 mirarer,
566 3893 591 3952 si
614 3891 645 3952 id
672 3891 773 3952 solum
802 3898 999 3970 arrogarent,
1031 3909 1090 3950 nec
1120 3888 1181 3948 hoo
1208 3952 1217 3990 Ι
1277 3899 1280 3906 ’

262 3997 419 4057 quererer,
455 3975 509 4036 sed
545 3974 627 4054 quod
662 3975 733 4035 huic
755 3973 950 4054 arrogantiae
972 3977 1204 4052 repugnantes,

262 4052 433 4141 Scripturas
473 4059 638 4119 maluerint
676 4075 890 4136 corrumpere,
937 4075 1028 4134 quam
1069 4072 1180 4132 repuge

287 4171 379 4218 nunes
394 4187 446 4226 opp.
461 4177 488 4217 v.
499 4176 526 4216 n,
541 4177 569 4216 ιιι
583 4177 623 4216 ref.
638 4176 687 4214 nra
702 4174 716 4212 ι.
731 4186 750 4222 p.
767 4174 816 4214 vor.
828 4175 868 4212 111.
981 4142 1020 4201 22
