3075 4775
517 556 589 609 nm.
607 555 643 611 se
661 558 798 625 pausias
816 554 919 626 Papus.
1130 551 1192 621 297

267 747 303 802 et
319 743 471 823 temporis
481 748 513 803 et
523 744 760 823 aucupationem
785 750 919 805 mearum
933 745 1027 807 ratio:
1049 744 1093 805 ita
1113 745 1193 805 enim

269 843 370 906 sogor
388 844 491 905 paene
511 827 694 906 imperatus,
716 829 851 907 pessimo
868 828 994 907 nomini,
1017 826 1099 907 qaod
1122 828 1194 888 mihi

267 928 289 968 a
319 909 422 968 multis
451 910 634 988 intentatur,
668 928 837 971 ooourrere.
868 910 952 986 Quas
983 927 1052 971 eum
1075 910 1195 971 videam

270 992 389 1054 maiore
412 992 515 1053 stridio
542 994 622 1073 peti,
655 1011 745 1073 quam
779 1012 992 1073 speraveram,
1027 996 1124 1055 visum
1149 1000 1196 1055 est

269 1092 325 1134 eas
348 1074 404 1134 sub
426 1075 570 1155 incudem
593 1083 755 1137 revocatas
780 1096 908 1158 augere,
944 1078 994 1138 vel
1031 1077 1196 1138 emandare

268 1158 398 1234 saltem,
431 1160 457 1219 si
488 1178 549 1239 qua
576 1158 719 1240 digniore
747 1160 826 1221 iaoie
857 1162 887 1220 in
911 1161 1067 1241 publioum
1089 1163 1195 1223 venire

267 1242 402 1321 possint.

359 1324 393 1383 ln
415 1342 478 1402 qua
497 1344 541 1401 ra,
565 1326 683 1405 optime
703 1325 830 1408 Laetor,
853 1336 883 1387 te
905 1328 1036 1407 primum
1059 1346 1130 1404 oro,
1155 1346 1194 1387 ne

270 1407 336 1467 stili
361 1408 422 1466 mei
443 1409 623 1469 varietatem
648 1410 780 1469 mireris:
819 1428 884 1469 sum
917 1410 1009 1491 plane
1030 1409 1196 1489 aliquando
1291 1444 1294 1451 ·

272 1490 447 1567 sordidior,
491 1492 674 1571 penitusque
697 1494 757 1552 mei
780 1492 952 1572 dissimilis,
988 1493 1070 1573 quod
1093 1492 1132 1553 de
1153 1494 1196 1553 in·

270 1572 390 1633 dustria
420 1573 520 1652 iasio,
553 1574 637 1653 quod
669 1575 742 1636 mibi
771 1595 833 1637 non
857 1578 895 1637 sit
917 1595 987 1657 spes
1010 1576 1143 1637 nominis
1166 1583 1197 1637 et

271 1658 444 1718 memoriae
477 1656 654 1736 diuturnae,
688 1678 749 1719 nea
779 1660 841 1721 tale
869 1662 1026 1741 quippiam
1057 1678 1193 1739 unquam

270 1740 424 1819 quaesivi.
469 1739 530 1813 Sed
560 1742 640 1801 siout
668 1738 712 1801 vi‘
729 1742 941 1822 in-publioum
969 1750 1083 1803 hactus
1118 1763 1195 1823 sum,

270 1826 315 1884 ita
330 1825 437 1903 eogito
457 1843 580 1903 semper
593 1842 683 1903 quam
696 1827 813 1904 possim
828 1826 916 1887 pitius
927 1826 1027 1887 redire
1049 1828 1080 1886 in
1095 1846 1197 1887 meum

270 1906 441 1987 angulum,
473 1907 561 1967 salvo
591 1908 765 1969 Christiano
801 1928 870 1969 meo
899 1911 1032 1971 nomine.
1076 1909 1198 1971 Habere

270 1992 355 2049 enim
379 1998 454 2068 puto
482 1990 634 2051 theatrum
671 2010 772 2051 meum
805 2012 891 2062 suam
913 1991 1031 2071 horam,
1053 1999 1126 2073 post
1148 2012 1197 2053 me

271 2073 352 2133 alius
383 2083 541 2152 sequetur,
569 2076 595 2133 si
623 2074 775 2135 Dominus
803 2075 905 2154 volat,
940 2076 1038 2156 egel)
1063 2078 1195 2156 tempori

273 2174 345 2216 meo
369 2156 580 2233 satisfecerim.
1162 2202 1163 2209 κ

359 2238 475 2299 Videor
495 2245 528 2299 et
559 2239 665 2299 multis
684 2242 777 2319 paulo
806 2239 910 2301 durior
938 2242 968 2300 in
991 2240 1198 2319 adversarios,

272 2331 305 2382 et
329 2309 421 2381 velut'
437 2322 608 2383 modestiae
622 2322 819 2404 theologioae
832 2323 953 2387 oblitus.
996 2323 1064 2401 Hie,
1077 2326 1113 2385 ‘si
1136 2342 1197 2404 qua

274 2406 393 2466 atalia
414 2407 490 2465 vitia
509 2424 579 2466 mea
606 2407 815 2484 inveniantur,
845 2427 908 2468 non
932 2427 1121 2488 magnopere
1143 2408 1193 2468 de·

275 2507 389 2569 preoor
410 2489 549 2568 eulpam,
587 2489 670 2569 quod
706 2489 767 2550 hoo
799 2509 848 2550 me
880 2491 942 2550 alia
971 2509 1066 2552 eausa
1093 2493 1195 2552 faeere

272 2591 336 2632 non
359 2590 426 2631 sum
447 2573 522 2632 mihi
543 2574 702 2651 aonaeius,
725 2591 826 2652 quam¹
839 2575 933 2634 nimio
956 2574 1069 2652 publioi
1091 2574 1194 2635 taedio

274 2662 305 2714 et
327 2654 420 2732 odio,
442 2656 474 2714 in
496 2654 580 2734 quod
601 2675 652 2715 me
672 2664 814 2736 mergunt
835 2657 898 2734 illi,
929 2657 1092 2736 plurimum
1122 2657 1194 2717 mihi

272 2739 486 2816 pretiosissimi
516 2741 664 2818 temporis
699 2737 893 2800 suffurantes.
942 2739 1076 2820 Deinde,
1113 2739 1194 2819 quod

273 2829 333 2880 tarn
370 2821 561 2900 praefractos
590 2829 621 2881 et
648 2822 821 2884 obstinatos
852 2822 1054 2883 oblatratores
1084 2823 1204 2902 patior,

272 2912 306 2964 ut
327 2923 345 2964 e
368 2905 476 2982 quavis
491 2904 612 2984 syllaba
634 2904 708 2964 mihi
720 2906 932 2986 ignominiam,
955 2905 1012 2966 sibi
1034 2906 1194 2966 viatorium

276 2987 410 3064 nominis
433 2983 601 3048 Christiani
622 2987 859 3049 insidiosissime
891 2996 924 3050 et
952 2990 1195 3068 pertinaoissime

275 3077 440 3149 quaerant,
469 3077 504 3130 ut
524 3070 607 3131 malo
631 3070 716 3132 nodo
738 3073 837 3132 malus
860 3073 932 3133 mihi
954 3091 1068 3132 anneus
1091 3091 1195 3132 neees-

274 3154 373 3213 sarius
396 3153 546 3214 videatur.
589 3151 783 3234 Quamquam
808 3155 916 3216 videor
939 3156 1012 3215 mihi
1034 3155 1195 3216 stomacho

275 3255 344 3297 meo
371 3236 496 3296 multam
520 3255 642 3316 semper
664 3237 775 3298 iecisse
798 3240 876 3311 vim,
900 3259 939 3298 ne
962 3239 1093 3298 facerem
1117 3258 1197 3318 quaa

276 3337 411 3398 possem.
454 3319 621 3396 Btnesoio,
645 3321 818 3382 simolliter·
831 3317 928 3382 simul
943 3329 974 3382 et
984 3320 1098 3383 utiliter
1111 3324 1194 3402 tangi
1244 3362 1259 3370 -

345 3491 389 3544 Ita
407 3498 471 3544 sunt
488 3493 559 3544 istae
578 3507 657 3545 meae
676 3492 809 3544 adversus
828 3489 930 3544 Johan.
952 3493 1063 3546 Eretum
1090 3496 1197 3562 positae

275 3565 493 3632 propositiones,
512 3565 635 3625 maxime
654 3567 736 3624 tertia
756 3563 865 3615 decima
884 3563 918 3616 de
937 3570 1074 3632 potestate
1093 3565 1194 3632 Papae,

277 3646 306 3685 ut
324 3636 483 3703 superbiam
503 3635 702 3688 invidissimam
727 3637 797 3688 facie
817 3651 868 3686 sua
885 3635 1006 3696 luderet,
1032 3639 1194 3704 praesertim
1240 3647 1247 3658 ²

276 3723 335 3758 euru
357 3707 425 3758 mihi
445 3721 502 3758 rem
523 3707 582 3760 fore
602 3724 663 3760 curn
683 3707 793 3760 lubrico
808 3707 986 3759 colluctatore
1000 3708 1193 3776 intelligerem.

277 3775 367 3844 Quare
377 3785 414 3841 te,
432 3775 528 3843 lector,
547 3779 665 3831 iudicem
679 3778 764 3847 eligo,
784 3781 908 3846 quisquis
920 3781 1015 3847 fueris,
1036 3780 1105 3831 adeo
1126 3779 1194 3830 nihil

276 3853 301 3900 in
321 3849 373 3901 hac
392 3851 585 3917 propositione
605 3851 720 3917 periculi
742 3851 808 3902 mihi
829 3853 921 3916 timeo,
942 3858 1075 3918 quantum
1097 3849 1130 3901 ad
1150 3867 1194 3902 ve·

276 3924 384 3974 ritatem
412 3924 516 3974 attinet.
554 3922 679 3973 Ceterum
706 3922 729 3973 si
755 3921 861 3973 invidia
880 3920 955 3974 aliud
974 3924 1084 3985 fauerit,
1113 3937 1192 3972 saum

276 4008 344 4060 opus
361 3994 467 4058 fecerit,
486 3999 515 4044 tu
534 3992 619 4046 modo
641 3992 757 4045 candide
776 4000 803 4045 et
821 3993 908 4048 libera
926 3992 1026 4070 iudica.
1067 3992 1141 4046 Vale.

309 4063 362 4129 42)
381 4063 414 4120 In
433 4062 475 4119 ed.
493 4063 554 4120 iau.
574 4064 692 4134 legitur:
710 4065 757 4119 ubi
777 4081 840 4132 ego.
