3075 4775
345 547 387 622 u
591 551 1114 631 mmmmmmmmx

345 749 479 819 brusco,
502 740 638 804 nondum
661 740 741 802 enim
764 741 943 820 confutavit,
964 741 1046 821 quod
1060 741 1264 823 idemdeore7

344 829 408 887 lum
417 825 553 904 Cepbam
576 826 910 905 interpreteturoaput
932 845 1011 905 quae
1032 827 1154 888 inscitia
1176 834 1264 890 tanto

344 908 484 972 Pontifici
506 928 567 968 uon
591 914 638 968 est
658 907 828 980 tribuenda,
850 910 1027 987 praesertim
1049 928 1088 970 eo
1112 917 1264 990 tempore,

344 991 394 1054 ubi
416 991 584 1053 floruerunt
605 991 729 1070 liuguae
750 999 783 1051 et
812 990 1000 1053 ludaeorum
1021 992 1191 1055 habebatur
1211 1013 1266 1054 nos

344 1077 403 1156 pia.
433 1075 494 1148 Sed
515 1076 575 1138 boo
596 1081 733 1152 constat,
763 1074 870 1136 librum
893 1075 1093 1136 Decretorum
1123 1076 1263 1138 nondum

347 1179 420 1222 esse
438 1159 650 1239 approbatum.
931 1153 954 1188 '

426 1243 503 1305 illud
526 1244 616 1303 ctiam
638 1241 771 1321 graviter
806 1241 973 1303 insectatus
995 1248 1062 1318 est,
1084 1241 1167 1322 quod
1189 1242 1265 1322 dixi,

330 1327 446 1408 'plpres
469 1346 537 1388 esse
559 1324 770 1386 criminatores
785 1324 1001 1400 Bohemorum,
1024 1344 1115 1403 quam
1137 1327 1264 1386 instruo·

344 1418 436 1473 tores.
480 1411 602 1470 Utinam
625 1406 819 1470 mendacium
841 1408 967 1470 fuissem
988 1407 1118 1491 locutus.
1161 1409 1264 1472 Video

344 1493 466 1573 quidem
489 1492 585 1553 multa
616 1489 676 1550 dici
705 1498 736 1550 et
763 1490 856 1551 scribi
878 1497 1080 1566 conusens,
1109 1492 1262 1554 sedeatis

282 1640 292 1663 ι
343 1577 522 1653 infeliciter,
551 1572 633 1653 quod
662 1592 724 1634 non
747 1575 945 1637 nominentur
965 1574 1099 1636 fraterno
1121 1577 1261 1656 nomine,

344 1659 427 1740 quod
449 1667 552 1720 tamen
575 1656 686 1718 Paulus
705 1653 742 1738 ³¹²)
765 1655 895 1719 Galatos
918 1656 1023 1735 lapsos
1045 1659 1077 1720 in
1100 1657 1262 1736 perfidiam

269 1748 273 1756 '
343 1741 531 1803 ludaeorum
566 1758 627 1800 non
658 1739 850 1820 dedignatur.
895 1739 995 1806 Credo
1024 1759 1084 1820 ego
1106 1742 1264 1803 Bobemos

343 1845 413 1886 ease
433 1825 573 1888 homines
591 1829 622 1884 et
643 1822 762 1885 blandis
784 1822 977 1885 sermonibus
999 1830 1031 1883 et
1052 1826 1267 1886 concessioni-

344 1908 399 1970 bus
422 1927 515 1987 posse
533 1907 656 1984 attrahi,
679 1907 729 1985 qui
752 1906 1012 1970 criminationibus
1035 1913 1067 1967 et
1087 1907 1262 1988 opprobriis

342 1992 488 2052 haeretici
511 1991 643 2054 nominis
665 1991 762 2070 magis
784 1989 972 2050 indurantur.
1011 1989 1083 2051 Nou
1105 1997 1153 2051 est
1174 2009 1263 2072 ergo,

279 2071 288 2080 “
344 2074 427 2153 quod
450 2092 716 2134 excusemurnon
745 2091 815 2132 esse
838 2072 1021 2134 narrandam
1042 2073 1177 2134 fabulam
1197 2094 1264 2134 sur·

342 2157 393 2233 do,
415 2176 484 2217 cum
507 2157 713 2236 praecipiente
735 2155 833 2218 Paulo
847 2155 901 2226 *ἢ
934 2155 1111 2216 instandum
1139 2157 1179 2217 sit
1207 2158 1263 2217 im·

344 2247 488 2321 porinus,
511 2246 693 2319 opportune.

427 2325 474 2383 De
495 2324 615 2405 graecis
637 2321 757 2382 Sanctis
783 2321 907 2401 saepius
928 2321 1071 2387 diximus.
1108 2321 1186 2382 lllud
1213 2341 1267 2384 eu·

344 2414 405 2468 tem
429 2406 618 2467 tractandum
634 2412 691 2482 est,
714 2404 858 2485 quodad
880 2406 1095 2467 concitandam
1115 2404 1265 2468 invidiam

344 2490 473 2551 multum
495 2490 653 2564 clamavit,
687 2487 874 2549 horrendum
897 2508 966 2549 esse
987 2489 1130 2553 omnibus
1153 2489 1266 2554 Christi

343 2573 505 2647 fidelibus,
535 2571 617 2651 quod
655 2578 763 2633 contra
790 2578 852 2632 tam
881 2578 1027 2635 sarnetum·
1051 2580 1083 2637 et
1108 2572 1265 2634 laudabile

344 2656 582 2717 Constantieuse
606 2654 777 2715 Concilium
818 2674 881 2715 non
909 2662 1066 2716 vereretur
1087 2654 1116 2730 1)
1149 2656 1264 2735 diotre,

342 2740 461 2819 aliquot
483 2738 724 2799 articulosHuss-
739 2738 834 2797 fuisse
847 2736 1116 2800 christianissimos
1131 2745 1163 2799 et
1172 2757 1264 2799 avan·

343 2824 476 2905 gelioos‚
500 2824 585 2901 “quos
607 2841 670 2883 tion
699 2822 797 2900 possit
824 2821 1005 2883 universalis
1027 2821 1160 2882 ecclesia
1180 2822 1265 2883 dam.

255 2956 261 2968 r
344 2926 426 2967 nare.
468 2905 671 2984 Respondeo:
707 2904 795 2965 lnter-
809 2904 957 2963 articulos
978 2903 1059 2966 Huss
1079 2911 1128 2965 est
1148 2911 1181 2965 et
1200 2904 1287 2983 ille‚'

456 2983 462 2993 ι

343 2990 413 3051 Una
435 2990 466 3065 ²)
501 3008 533 3049 os
570 2994 678 3049 sancta
709 2986 890 3047 universalis
919 2987 1071 3064 ecclesia,
1099 3006 1180 3066 quae
1216 2996 1265 3048 est

342 3072 639 3151 praedestinatorum
662 3070 855 3129 universitas.
883 3069 1077 3140 Itomalius:
1101 3070 1263 3132 Universa

343 3154 380 3215 lis
410 3160 516 3215 sancta
543 3152 676 3213 ecclesia
703 3159 820 3213 tantum
849 3158 897 3212 est
924 3172 1004 3229 una,
1031 3154 1111 3214 siout
1144 3161 1263 3217 unum

339 3256 422 3329 pnus
459 3244 506 3297 est
539 3254 684 3297 numerus
713 3236 848 3296 omnium
876 3236 1180 3315 praedestinatorum
1224 3237 1264 3297 Hi

343 3319 405 3380 duo
428 3338 489 3380 non
510 3325 581 3379 sunt
602 3319 691 3397 Huss,
714 3318 769 3379 sed
791 3319 954 3398 Augustini
976 3339 1069 3399 super
1088 3320 1263 3381 iohannem

343 3402 383 3462 ad
406 3403 532 3463 verbum
555 3421 670 3482 prope,
700 3412 730 3461 et
758 3409 1014 3485 repetunturper
1033 3401 1211 3483 Magistrum
1233 3405 1264 3465 4.

343 3488 562 3547 sententiarum
586 3486 624 3547 de
654 3504 741 3547 secra
764 3484 897 3545 Euchar.
928 3486 1055 3547 Tertius
1070 3492 1131 3546 est:
1173 3487 1264 3548 Duae

206 3566 209 3575 ’
324 3588 326 3597 ’
344 3574 483 3646 naturae,
506 3569 649 3629 diviuitas
674 3576 705 3629 et
726 3569 909 3649 humanitas,
932 3574 1002 3629 sunt
1023 3588 1101 3628 unus
1114 3568 1264 3631 Christus.

344 3640 408 3712 Hos
431 3652 577 3712 articulos
600 3651 693 3712 oredo
717 3650 882 3713 confitetur
904 3670 1024 3712 mecum
1045 3652 1082 3713 D.
1103 3652 1264 3713 lohannes

344 3736 465 3797 Ecoius.
508 3734 655 3809 Quartus:
700 3736 818 3796 Divisio
847 3734 1026 3797 immediata
1060 3735 1263 3799 humanorum
1300 3812 1305 3824 s

341 3830 350 3849 ’ν
629 3837 635 3859 r

608 3909 655 3914 ...-
662 3908 714 3915 u.-

340 4001 832 4084 stomcmsmu

379 4102 396 4158 l
434 4103 463 4155 ln
484 4100 528 4158 ed.
548 4100 638 4165 oris:
658 4101 776 4149 veretur.
815 4095 848 4165 ²)
869 4094 989 4151 lbldem:
1010 4100 1095 4154 nnita.
