3075 4775
347 543 392 608 48
560 543 718 613 Disputatio
736 542 847 614 lipsiae
864 543 961 599 hahita
978 559 1004 599 a.
1023 542 1086 597 xix

349 725 432 807 quod
464 745 597 806 unquam
628 728 837 805 meminerim,
870 727 954 807 quod
984 734 1032 790 eat
1058 732 1168 789 contra
1199 725 1292 788 iidei·

349 810 542 871 Christianae
563 808 718 888 mandata,
741 811 895 890 quamvis*
905 811 988 872 facto
1000 811 1070 892 ipso
1082 830 1176 892 saepe
1189 829 1273 871 erra·

349 894 459 971 verint,
481 893 544 954 imo
567 893 640 954 talia
662 893 776 954 iudicia
796 913 927 955 erronea
947 894 1050 955 iacere
1072 900 1272 956 attentarunt.

349 976 408 1038 Ubi
419 975 524 1036 divino
546 978 817 1057 quoquefcorrepti
839 976 1046 1056 suntindioio,
1068 983 1102 1038 ut
1121 977 1273 1038 deLeone

349 1060 465 1119 Ariano
496 1059 680 1120 adversante
701 1059 836 1139 Hilario,
879 1069 912 1121 ut
943 1060 982 1121 de
1003 1060 1169 1122 Anastasio
1203 1077 1272 1122 can.

349 1142 531 1203 Anastasius
553 1163 605 1204 xx.
629 1141 698 1206 dist.
798 1179 804 1192 ·

438 1225 487 1286 Ad
516 1245 651 1303 nonum,
684 1223 724 1285 de
752 1225 896 1303 Oenone,
924 1225 1068 1307 Legimus
1096 1226 1146 1290 93.
1169 1223 1273 1285 distin.

349 1309 428 1370 forte
462 1308 649 1370 reverendus
685 1308 778 1368 Pater
804 1327 854 1368 me
888 1328 951 1369 non
979 1308 1141 1370 intellexit.
1189 1306 1274 1366 Nun-

350 1409 441 1471 quam
458 1393 542 1452 venit
563 1391 637 1451 mihi
658 1390 689 1452 in
706 1396 850 1469 mentem,
872 1399 1018 1480 papatum
1042 1411 1111 1452 esse
1133 1387 1273 1451 ordinem

351 1475 430 1537 ultra
451 1477 678 1555 episcopatum,
708 1473 762 1534 sed
791 1473 982 1556 dignitatem.
1018 1474 1108 1549 Quod
1131 1491 1209 1534 vere
1228 1473 1274 1534 di-

351 1560 408 1637 cit,
442 1558 516 1620 mihi
550 1556 663 1618 bellum
687 1575 756 1616 esse
778 1575 846 1616 cum
869 1556 1061 1639 Hieronymo
1087 1564 1119 1619 et
1140 1556 1274 1618 Canoni-

339 1639 415 1719 hus,
439 1639 504 1700 dixi
526 1639 598 1720 quid
621 1640 762 1718 sentiam,
787 1640 930 1720 praefero
952 1641 1013 1702 hoc
1034 1641 1107 1702 loco
1129 1639 1273 1719 Dionysii

349 1724 544 1784 autoritatem
566 1723 651 1784 velut
670 1723 810 1783 senioris.
854 1726 895 1784 At
911 1742 979 1784 eum
1002 1723 1205 1807 rhetoricatur
1225 1742 1272 1783 re

292 1802 294 1810 ’
350 1805 502 1868 verendus
524 1806 616 1868 Pater
637 1805 676 1866 de
698 1806 865 1886 Dionysio,
895 1825 949 1867 our
976 1826 1041 1869 non
1073 1806 1273 1867 monarcham

350 1889 510 1951 Ecclesiae
544 1889 719 1969 descripsit,
755 1890 818 1950 imo
853 1889 933 1950 ultra
959 1890 1172 1971 episcopatum
1208 1908 1273 1950 non

349 1972 584 2054 progrediatur?
628 1973 731 2034 Facile
760 1973 918 2052 estquod
946 1972 1057 2034 dicam.
1105 1972 1274 2053 Dionysius
1325 1974 1338 1995 ⁸

350 2057 431 2117 enim
454 2061 647 2116 sacramenta
668 2056 820 2117 ecclesiae
842 2057 1030 2137 perstringit,
1050 2064 1198 2138 papatum
1222 2075 1274 2116 au·

350 2146 412 2200 tem
436 2158 504 2200 eum
536 2138 676 2200 ordinem
698 2157 768 2200 esse
791 2141 985 2220 negaverim,
1008 2142 1206 2220 episcopatus
1227 2139 1275 2198 in-

350 2229 398 2283 ter
429 2220 552 2284 ordines
576 2223 712 2283 omnium
745 2240 901 2283 consensu
922 2241 1099 2303 supremum
1121 2221 1276 2284 obtinebit

353 2307 466 2370 locum.

352 2473 403 2553 qui
438 2471 601 2533 crediderit
634 2472 767 2552 aliquem
803 2492 874 2533 esse
907 2474 1088 2555 episcopum
1116 2474 1275 2553 proprium

351 2555 480 2637 singulis
514 2554 670 2616 ecelesiis:
700 2554 773 2635 quid
808 2566 856 2617 est
889 2555 971 2636 quod
1002 2576 1062 2638 ego
1091 2574 1276 2635 conqueror,

432 2390 573 2468 Decimo,
596 2388 678 2468 quod
694 2389 848 2449 neminem
871 2395 933 2450 tam
954 2391 1096 2451 insenum
1109 2390 1276 2469 existimat,
1397 2401 1398 2410 ¹

352 2640 410 2699 nisi
432 2638 515 2721 quod
536 2638 698 2700 stultorum
721 2645 751 2699 et
774 2640 825 2717 qui
848 2640 1052 2720 singularitati
1074 2639 1199 2700 student
1230 2640 1277 2698 in·
1347 2693 1350 2700 .
1396 2641 1398 2670 ³

352 2720 454 2785 finitus
487 2728 534 2783 est
561 2741 715 2783 numerus.
764 2721 861 2804 Legat
888 2722 1076 2783 reverendus
1105 2723 1196 2783 Pater
1222 2721 1277 2782 Al·
1396 2733 1397 2742 ¹

313 2808 315 2813 ’
352 2826 458 2867 varum
482 2806 521 2867 d'e
543 2806 668 2886 planctu
679 2805 841 2883 ecclesiae,
862 2802 1030 2866 iohannem
1044 2805 1084 2867 de
1094 2805 1190 2867 Turre
1211 2824 1276 2866 cre·
1396 2809 1397 2842 ³

353 2900 436 2951 mata
455 2891 487 2950 in
509 2908 629 2951 summa
650 2888 1030 2968 ecclesiae,Vuilhelmum
1053 2887 1220 2950 deOccam
1243 2889 1276 2949 in

352 2973 489 3054 dialogo,
511 2985 542 3034 et
562 2974 698 3034 inveniet
714 2972 856 3033 homines
879 2971 1167 3053 quandoqueillius
1179 2972 1276 3033 fuisse
1394 2973 1396 3010 l

351 3076 500 3119 insamae.
952 3097 955 3101 ·

435 3138 527 3214 Quod
541 3157 615 3200 vero
638 3137 828 3219 suspendere
850 3137 915 3199 vult
928 3138 1115 3199 solutionem
1136 3144 1276 3199 nostram

318 3242 320 3247 ¹
352 3221 392 3282 de
413 3240 462 3300 eo,
484 3222 566 3301 quod
591 3220 664 3300 dixi,
685 3222 800 3300 Papam
822 3222 1004 3282 universalis
1026 3221 1179 3282 ecelesiae
1195 3220 1277 3281 Pon-

229 3381 232 3387 Ι
351 3304 465 3365 titicem
487 3306 617 3384 melius,
650 3323 740 3384 quam
762 3304 966 3365 universalem
989 3306 1192 3385 episcopum,
1215 3302 1277 3365 feci

352 3388 413 3448 hoe
435 3386 498 3449 divi
519 3387 666 3449 Bernardi
687 3388 853 3449 autoritate
882 3394 914 3447 et
941 3407 1130 3449 summorum
1151 3386 1278 3448 Pontid-

352 3489 422 3531 eum
444 3472 676 3533 consuetudine.
719 3470 775 3533 Ait
801 3472 883 3531 enim
907 3471 1081 3536 Bernartius
1107 3470 1167 3533 tib:
1184 3472 1214 3533 2.
1236 3469 1278 3531 da
1393 3481 1396 3518 t

353 3553 531 3617 considera.
555 3554 604 3617 ed.
627 3556 723 3635 Euge.
747 3555 808 3614 col.
829 3559 864 3619 7:
886 3554 1150 3635 Nempesignum
1172 3554 1278 3634 singu-

352 3637 424 3698 laris
450 3638 601 3713 l'ontiiicii
634 3639 716 3699 Petri
743 3645 802 3701 etc.
845 3638 926 3699 lnira
947 3638 1006 3699 ita:
1045 3638 1122 3698 (lum
1145 3638 1278 3717 quisque

353 3729 524 3782 ceterorum
545 3740 631 3782 suam
653 3720 747 3783 habet
760 3721 934 3800 ecclesiam,
956 3720 1010 3781 tihi
1025 3725 1087 3797 una
1108 3720 1277 3781 commissa

353 3811 426 3884 est,
440 3804 646 3885 grandissima
665 3805 763 3883 navis,
786 3804 868 3865 iacta
896 3824 936 3865 ex
958 3803 1099 3866 omnibus
1120 3804 1189 3883 ipsa
1210 3805 1276 3863 uni·

352 3889 479 3951 versalis
502 3887 645 3966 ecclesia,
667 3894 733 3949 toto
757 3887 832 3950 orhe
855 3886 975 3950 diffusa.

436 3972 485 4033 Ad
517 3971 685 4049 decimum,
708 3970 811 4033 Verbo
839 3970 950 4031 Christi
978 3987 1043 4029 non
1074 3968 1277 4049 satisfactum,
1392 3959 1393 3962 '

353 4056 463 4120 Lucae.
485 4057 536 4119 22.
551 4074 561 4133 ,¹
587 4054 674 4132 quasi
697 4055 737 4115 sit
758 4060 967 4115 commentum
990 4070 1102 4113 meum.
1146 4052 1189 4113 At
1210 4070 1275 4113 non
