3075 4775
572 559 590 596 a
608 543 730 604 saunis
748 551 875 614 excepta
1116 505 1120 511 ἱ
1140 543 1183 612 71

260 731 440 812 tcgcrrimos
463 729 647 798 christianos
668 731 700 810 iu
722 729 872 809 Graecia,
900 736 1012 812 postea
1041 732 1073 792 in
1094 731 1184 798 ltalia

259 820 411 894 receptos.
451 812 555 894 Atque
584 815 677 882 etism
699 815 726 876 si
747 814 809 876 hcc
830 833 892 876 uon
915 820 1054 896 urgeret,
1082 814 1184 878 adhuc

259 905 326 977 stat,
348 895 436 978 quod
459 916 557 978 usque
576 897 617 962 ad
632 895 803 961 Concilium
816 897 966 960 Nicenum
988 896 1098 960 saltem
1120 899 1183 960 bre

258 983 316 1042 rint
336 980 453 1060 integri
461 980 629 1044 christiani
649 1000 704 1060 per
726 987 825 1042 totum
837 979 1004 1058 Orientem,
1026 1001 1100 1044 uon·
1114 982 1181 1046 sub

258 1066 328 1128 iacti
342 1065 434 1126 Rom.
447 1062 603 1138 Pontifici,
626 1070 658 1129 ut
681 1063 852 1126 clarissime
865 1070 996 1128 testatur
1018 1063 1182 1128 Decretum

259 1147 398 1214 eiusdem
420 1145 551 1210 Concilii
572 1147 682 1210 Niceni
704 1147 835 1226 dicentis
857 1145 908 1210 lib.
924 1151 973 1214 10.
994 1145 1066 1210 hist.
1079 1147 1183 1212 licat:

258 1231 296 1292 bt
317 1237 352 1294 nt
374 1229 457 1311 apud
480 1230 701 1294 Alexandriam
724 1230 775 1292 vel
793 1231 826 1291 in
842 1230 924 1294 Urbe
940 1230 1042 1291 Roma
1064 1238 1185 1296 vetusta

259 1313 454 1376 consuetudo
476 1320 684 1390 conservetur,
707 1320 742 1374 ut
760 1313 814 1376 ille
830 1313 976 1395 Aegypti,
997 1313 1059 1374 hcc
1081 1314 1184 1377 subur

259 1398 409 1484 bacarum
423 1397 622 1458 ecclesiarum
641 1395 880 1459 sollicitudinem
890 1402 987 1478 gerat.
1005 1395 1091 1460 Idem
1105 1397 1182 1458 Gon-

259 1481 363 1544 cilium
398 1499 460 1541 non
488 1479 647 1558 Romanu,
683 1480 738 1542 sed
765 1480 1049 1560 Hierosolymitanu
1078 1479 1184 1541 tribuit

258 1564 413 1625 honorum
435 1564 606 1643 primatum,
629 1563 735 1626 diceus
758 1563 889 1624 ibidem:
910 1563 951 1624 Et
971 1568 1005 1625 ut
1025 1561 1181 1643 Episcopo

259 1647 546 1727 Hierosolymorum
565 1647 729 1726 antiquitus
752 1646 865 1710 tradita
885 1647 1038 1708 hunorum
1059 1666 1184 1727 praero-

260 1732 365 1810 gativa
388 1737 536 1792 servetur.
629 1735 633 1750 “
989 1763 994 1770 ·

342 1812 464 1887 Quodsi
500 1831 558 1874 nec
587 1813 647 1874 ista
673 1813 747 1874 satis
770 1819 859 1887 suut,
887 1811 969 1891 quud
997 1817 1101 1874 tamen
1131 1811 1186 1873 ad-

259 1897 319 1958 huc
345 1894 523 1972 concludit,
557 1894 638 1975 quod
671 1897 814 1976 egregius
840 1895 876 1956 D.
899 1895 935 1958 D.
965 1895 1041 1960 satis
1072 1893 1185 1958 callide

260 1981 364 2062 tacuit,
388 1978 471 2058 quod
492 1979 624 2057 ecclesia
638 1977 750 2042 Christi
771 1979 880 2059 viginti
901 1996 1001 2040 annos
1023 1977 1062 2040 ad
1085 1979 1185 2040 minus

159 2121 164 2136 ,
262 2063 325 2140 luit,
349 2068 516 2142 antequam
538 2063 627 2124 Rom.
651 2062 785 2124 ecclesia
806 2067 997 2125 nasceretur:
1020 2060 1092 2133 idco
1115 2061 1185 2122 ridiss

262 2147 331 2208 cula
359 2153 408 2208 est
434 2147 500 2206 eiu's
528 2145 717 2223 confutatio,
753 2145 836 2224 quod
865 2143 953 2225 fingit
985 2152 1034 2206 me
1057 2145 1186 2207 miscere

263 2229 393 2292 Sanctus
421 2247 490 2290 curu
514 2228 744 2306 schismaticis,
773 2248 842 2289 cum
870 2246 944 2291 suos
971 2226 1186 2290 schismaticos

262 2314 422 2395 assignare
449 2331 512 2372 non
535 2313 643 2392 possit.
1028 2370 1031 2375 .

342 2396 459 2475 Tertio,
482 2414 550 2457 cum
572 2394 764 2457 confutasset
785 2395 938 2455 rationem
960 2410 1083 2462 meam,
1113 2393 1187 2475 quia

263 2480 382 2541 scilicet
402 2498 466 2542 non
478 2476 731 2541 confirmarentur
743 2478 882 2558 episcopi
894 2476 1046 2537 Graeciae
1066 2475 1183 2538 aRcm.

263 2562 423 2640 Pontifice,
445 2561 523 2625 dixit
543 2561 603 2626 hcc
627 2560 703 2623 nihil
724 2580 804 2639 esse,
826 2580 896 2622 cum
908 2580 966 2619 neo
979 2558 1102 2639 plebani
1119 2578 1186 2639 pas·

263 2646 318 2706 sim
341 2643 561 2711 confirmentur
582 2663 600 2705 a
621 2642 891 2708 Rom.=Pcntifice.
921 2641 997 2717 Quis
1017 2661 1083 2702 nou
1106 2642 1189 2703 videt

264 2727 340 2789 haec
362 2727 512 2809 perdendi
535 2728 683 2817 temppris
706 2728 806 2807 gratia
826 2725 932 2787 dicta?
970 2743 1038 2787 cum
1061 2723 1186 2804 plebani

265 2819 367 2873 lamen
389 2811 428 2873 ab
459 2812 614 2892 episcopie
644 2809 833 2873 ordinentur.
855 2807 951 2871 Simul
977 2808 1056 2868 haec
1084 2808 1188 2869 omnia

264 2896 385 2957 remitto
408 2894 448 2955 ad
470 2896 553 2975 prius
575 2893 657 2961 dicta
682 2892 721 2955 de
742 2892 921 2972 Hieronym.
943 2889 984 2951 ad
1004 2889 1102 2969 Evag.
1129 2888 1187 2949 Ea

265 2977 333 3039 dem
356 2968 452 3039 causa
473 2984 505 3043 et
525 2976 602 3039 illud
625 2978 716 3041 toties
738 2975 861 3055 repetiit
881 2972 920 3034 de
942 2971 1095 3047 Numidia,
1117 2990 1187 3032 cum

265 3060 306 3121 illi
332 3060 505 3122 scribantur
534 3060 657 3123 venisse
683 3059 726 3123 ad
748 3060 880 3124 Remum
912 3075 977 3119 nen
997 3056 1117 3132 vocati,
1156 3061 1189 3114 ct

264 3149 456 3223 accusentur,
478 3143 560 3223 quod
583 3143 738 3207 venerint
782 3140 822 3203 Et
842 3135 943 3201 adhuc
964 3139 1002 3202 b.
1022 3139 1057 3199 D.
1081 3139 1128 3199 ius
1149 3158 1189 3199 en

264 3226 321 3288 hoc
352 3226 435 3288 iacto
459 3226 547 3288 Rom.
572 3224 710 3285 Pontifici
739 3224 874 3285 divinum
906 3222 1018 3286 tribuit.
1068 3220 1130 3283 Sed
1159 3229 1191 3283 st

265 3308 357 3386 illud,
392 3308 476 3389 quod
497 3308 690 3389 Epiphanius
704 3307 834 3388 Cyprius
856 3306 1031 3368 Jchauuem
1055 3305 1187 3386 Chryso·

266 3400 403 3455 atomum
422 3391 584 3472 deposuit,
608 3411 670 3456 uon
692 3411 748 3471 pro
771 3392 854 3464 iure,
876 3390 932 3451 sed
953 3388 1036 3451 facto
1060 3391 1190 3469 accepit

265 3475 303 3537 Et
326 3477 374 3537 sic
402 3475 467 3537 vult
488 3474 684 3553 confutasse,
717 3493 787 3534 cum
816 3474 869 3535 ille
895 3473 993 3553 egerit
1021 3471 1188 3533 secundum

265 3566 412 3621 statutum
433 3557 542 3619 Niceni
558 3556 700 3631 Consilii,
723 3564 755 3619 et
770 3557 967 3619 autoritatem
983 3556 1128 3635 Cypriani
1150 3554 1189 3613 de

265 3628 447 3739 ordina‘ndis
469 3641 633 3721 episcopis
662 3641 739 3703 citra
766 3640 963 3702 autoritatem
992 3639 1082 3733 Rpm.
1115 3638 1190 3698 Pon·

267 3724 418 3871 tlfiamiitat
438 3766 513 3888 argo
536 3805 638 3870 adhuc
657 3764 792 3885 invicta,
819 3804 902 3883 quod
924 3804 1012 3867 Rom.
1045 3762 1191 3882 primatus
1224 3786 1240 3812 “

269 3898 320 3953 aut
342 3910 406 3952 non
430 3897 476 3950 est
498 3890 563 3949 iure
590 3887 694 3949 divino
716 3886 907 3968 firmatusl),
922 3887 1081 3947 auttotius
1094 3884 1202 3970 arian-¹

303 4116 332 4183 1)
351 4114 383 4172 ln
402 4114 446 4172 cd.
467 4116 558 4187 oriar
579 4114 730 4175 formatus,
