3075 4775
363 526 426 601 Μ
531 535 1106 607 xDismstatiobipsiaehctu'taal'lll

363 723 581 804 blasphemant
590 723 699 798 Deum,
721 722 797 795 selo,
820 724 874 785 sed
898 718 981 803 quod
1003 722 1074 785 ideo
1096 724 1203 785 subtus
1224 716 1286 785 ter-

363 826 427 867 rum
450 806 602 887 significet
622 808 843 889 purgatorium,
867 810 981 887 inquo
1004 814 1130 869 cantent
1150 809 1285 884 animae,

363 910 424 950 non
449 891 593 968 sequitur.
619 890 761 962 Primum,
785 892 868 969 quod
889 898 960 951 sunt
980 892 1016 951 iu·
1035 890 1287 975 tribulationibus

362 979 395 1033 et
414 975 534 1053 poenis,
555 972 686 1033 necdum
709 972 852 1034 abstersit
871 974 955 1034 Deus
977 990 1101 1036 omnem
1123 972 1284 1035 lacrimam

363 1056 404 1117 ab
426 1057 524 1118 oculis
545 1076 661 1117 eorum.
683 1057 720 1116 D.
742 1057 779 1117 D.
808 1064 909 1118 autem
939 1064 1034 1137 negat
1065 1064 1190 1118 cantare
1212 1076 1286 1119 esse

361 1141 392 1199 in
415 1139 663 1201 tribulationibus
685 1139 810 1200 laudare
825 1142 932 1203 Deum.
955 1140 1030 1202 Ideo
1053 1148 1160 1203 contra
1182 1160 1217 1202 se
1239 1143 1285 1221 ip-

362 1224 596 1303 snm‘loquitu‘r,
619 1219 690 1282 dnm
713 1224 818 1284 subtus
840 1232 953 1285 terram
972 1226 1004 1283 in
1017 1226 1196 1305 purgatorio
1219 1226 1286 1288 lau-

361 1306 432 1367 dam
454 1308 542 1387 ponit
563 1307 653 1365 simul
674 1312 706 1367 et
728 1326 858 1385 poenas,
881 1310 911 1367 in
935 1307 1044 1386 quibus
1058 1328 1122 1368 non
1145 1308 1285 1370 laudent}

362 1389 451 1470 Nego
473 1396 575 1451 autem
604 1396 635 1449 et
658 1409 740 1468 ego,
772 1390 854 1469 quod
882 1392 1004 1451 animae
1041 1390 1112 1452 ideo
1146 1397 1284 1466 cantent,

361 1474 434 1551 quia
453 1473 570 1534 habent
591 1474 937 1552 certissimum'signum
962 1472 1167 1535 beatitudinis.
1212 1474 1285 1539 Hoc

362 1558 443 1616 enim
466 1555 809 1635 signum‘certissimum
832 1558 889 1617 fuit
912 1555 1113 1636 probandum.
1160 1556 1284 1617 Deinde

325 1657 327 1660 ·
361 1658 432 1719 ego,
455 1639 663 1716 subterrant,
700 1648 762 1699 non
786 1638 847 1700 dixi
873 1638 1047 1721 significare
1068 1641 1168 1701 solum
1190 1641 1283 1701 infer-

360 1742 443 1797 num,
466 1722 520 1782 sed
535 1730 568 1782 et
578 1715 648 1798 alia,
672 1741 871 1801 quaecunque
892 1723 1040 1784 subterra
1061 1726 1140 1800 sunt,
1160 1724 1192 1784 in
1216 1725 1283 1803 qui·

198 1806 201 1817 '
288 1840 291 1845 -
359 1804 416 1865 bus
439 1806 582 1867 omnibus
605 1806 671 1865 laus
694 1805 750 1865 Dei
781 1805 934 1883 abundat‚
973 1808 1075 1867 omnia
1099 1808 1180 1867 enim
1208 1814 1283 1867 suut

360 1888 453 1968 plena
474 1888 574 1968 gloria
595 1894 627 1949 et
648 1887 738 1948 laude
750 1889 817 1967 Dei,
840 1890 891 1969 qui
913 1889 1074 1950 laudabilis
1097 1897 1145 1951 est
1164 1891 1196 1949 in
1214 1908 1282 1951 om-

277 1980 282 1987 '
320 1984 325 1991 ·
359 1971 448 2032 nibus
467 1972 610 2052 operibus
632 1973 705 2033 suis.
729 1971 872 2051 Alioquin
896 1979 1021 2052 oportet
1042 1974 1078 2035 D.
1102 1974 1191 2034 Doct.
1214 1992 1282 2034 non

360 2054 460 2115 solum
488 2056 695 2135 purgatorium
724 2073 779 2133 per
816 2054 922 2115 subtus
956 2062 1066 2116 terram
1095 2055 1282 2135 intelligere,

358 2136 412 2197 sed
436 2138 527 2198 etiarn
550 2138 675 2217 aliquod
699 2144 849 2215 quartum.
871 2158 927 2217 per
948 2138 1054 2199 subtus
1075 2157 1179 2215 mare,
1208 2158 1281 2199 cum

359 2220 469 2281 eodem
492 2222 620 2301 Apocal.
643 2226 672 2285 5.
697 2222 789 2282 ctiam
812 2221 918 2283 subtus
941 2228 1025 2283 mare
1047 2224 1209 2300 recitetur,
1249 2229 1283 2283 et

358 2304 478 2382 omnia,
509 2324 588 2384 quae
618 2306 649 2365 iu
673 2323 711 2364 eo
739 2310 818 2365 suot.
862 2306 987 2367 Rectius
1018 2324 1092 2388 ergo
1121 2312 1280 2367 creaturus

358 2405 467 2448 omnes
511 2388 572 2449 boo
608 2389 803 2470 quaternario
850 2389 1050 2470 intelligimus
1079 2388 1281 2470 significatas,

358 2488 450 2549 quarn
473 2491 519 2548 ea,
541 2491 621 2550 quae
642 2472 679 2532 D.
701 2471 813 2532 Eccius
834 2471 1028 2553 imaginatur.

441 2552 531 2628 Quod
562 2561 665 2614 autem
693 2555 724 2613 in
754 2555 1004 2632 tribulationibus
1031 2553 1158 2614 laudare
1177 2554 1279 2615 Deum
1370 2621 1374 2649 Ι

355 2632 396 2695 bit
417 2645 552 2712 cantare.
574 2637 672 2717 probo
695 2657 758 2698 non
783 2657 850 2698 esse
873 2658 892 2698 a
915 2657 963 2699 me
987 2637 1102 2714 fictum,
1125 2644 1159 2698 ut
1179 2638 1216 2699 D.
1239 2638 1280 2699 D.

357 2716 440 2794 dicit
462 2721 671 2797 quiaRoman.
693 2725 721 2784 5.
745 2721 834 2781 dicit:
856 2720 1034 2782 Gloriamur
1054 2723 1085 2780 in
1109 2719 1280 2781 tribulatio-

357 2801 456 2878 nibus,
478 2809 511 2863 et
530 2803 609 2863 Psal.
631 2805 689 2866 42:
711 2803 744 2863 ln
766 2803 817 2864 die
838 2805 1164 2865 mandavibDominns
1188 2805 1280 2864 mise-

356 2885 520 2946 ricordiam
542 2904 650 2959 snam,
684 2893 716 2946 et
736 2893 830 2946 nocte
856 2886 903 2963 (id
926 2894 987 2966 est,
1010 2887 1208 2960 tribulatione
1232 2886 1277 2966 ¹),

357 2969 509 3028 canticum
532 2971 607 3045 eius,
630 2977 661 3030 et
682 2968 791 3030 Jacob.
815 2974 848 3033 5:
883 2951 1033 3031 Tristatur
1053 2971 1179 3049 aliquis,
1209 2977 1281 3030 oret

356 3053 602 3130 nequeenim,
637 3058 668 3112 et
688 3053 817 3131 psallat3
838 3055 928 3114 item:
965 3053 1151 3114 Benedicam
1172 3053 1280 3113 Domi·

356 3153 428 3194 num
444 3136 474 3194 in
490 3137 572 3195 omni
594 3144 744 3215 tempore.
767 3135 869 3212 Omni,
892 3139 998 3217 inquit,
1011 3144 1160 3216 tempore,
1183 3136 1279 3196 etiam

356 3215 497 3281 adverso.
522 3220 638 3279 Contra
654 3220 844 3298 vituperatur
854 3220 915 3295 ille,
939 3219 978 3280 de
1000 3237 1061 3300 quo
1076 3219 1171 3280 Psal:
1195 3219 1280 3280 Gon·

357 3298 490 3361 fitebitur
512 3301 577 3375 tibi,
600 3321 668 3362 cnm
682 3301 872 3362 benefeceris
894 3304 933 3365 ei.
956 3303 1069 3364 Fateor
1090 3309 1192 3362 autem
1214 3302 1280 3364 hoc

357 3402 406 3443 me
428 3402 490 3444 uon
514 3384 630 3445 dixisse
651 3384 690 3444 de
713 3385 865 3445 damnatis
887 3378 994 3457 subtus
1017 3394 1143 3462 terram,
1167 3383 1220 3444 sed
1245 3392 1280 3445 ut

356 3466 550 3527 excluderem
573 3468 757 3528 sententiam
787 3467 824 3531 D.
846 3469 883 3530 D.
906 3469 1061 3547 volentis,
1094 3468 1176 3547 quod
1205 3485 1279 3528 carr-

356 3547 421 3609 tale
443 3551 482 3609 sit
503 3558 619 3612 tanturn
643 3552 681 3612 de
702 3551 904 3632 beatitudiuis
923 3554 1086 3612 securitate
1113 3553 1145 3610 in
1166 3571 1278 3632 purga·
1305 3591 1312 3598 -

260 3646 268 3651 ’
357 3634 447 3694 torio.

437 3716 483 3776 De
513 3735 633 3778 canone
664 3718 777 3778 missae
805 3736 867 3778 non
898 3724 945 3778 est
973 3724 1159 3794 contentus,
1193 3718 1277 3796 quod

286 3864 290 3869 ,
356 3797 489 3858 dormire
511 3800 541 3858 in
564 3817 642 3878 pace
657 3800 696 3860 ad
718 3819 830 3881 corpus
846 3801 947 3877 retuli,
970 3803 1040 3880 quia
1063 3799 1136 3860 dicit
1159 3819 1277 3862 canon:

513 3973 780 3981 .---.-..--—--.

157 4024 159 4051 l
238 4122 245 4138 .
283 4130 285 4133 Ι
341 4016 347 4032 l
392 4060 422 4126 1)
443 4060 474 4112 ln
493 4058 536 4113 ed.
555 4060 615 4114 Jen.
633 4068 660 4115 et
679 4062 751 4132 apud
771 4063 900 4116 bossetu:
929 4063 1164 4121 tribulationibus.
1237 4139 1244 4148 υ
