3075 4775
328 551 394 620 492
527 555 680 612 &essedo
698 557 720 611 1.
737 557 814 612 llecii
833 556 895 611 ads.
915 559 962 613 Ph.
982 557 1045 612 llal.

332 744 498 805 Ambrosio
527 745 571 804 ita
590 744 737 819 insultas,
765 744 849 824 qnod
874 744 1033 806 meliorem
1055 752 1086 806 tc
1109 746 1257 826 interpre-

329 833 392 888 tem
419 829 524 908 poscis
553 827 733 890 christianis
760 830 839 902 iem,
867 845 957 907 quam
985 828 1015 889 Β.
1046 827 1257 893 Ambrosium.

329 909 361 971 Si
390 912 471 971 intra
500 911 613 992 pellem
644 918 675 972 te
702 913 892 988 contineres,
923 918 954 971 et
981 913 1011 971 in
1038 919 1093 972 tuo
1116 932 1257 988 numere,

329 993 459 1054 haberes
487 993 610 1073 quidem
634 1003 718 1055 tuum
740 994 862 1072 album,
891 1001 924 1056 st
944 996 1004 1055 iam
1027 1001 1125 1056 totum
1148 1001 1180 1056 te
1203 995 1256 1057 ob-

330 1095 452 1138 scurum
473 1077 587 1138 reddis.
1205 1079 1211 1088 '

415 1160 471 1239 15)
495 1163 606 1222 Denuo
628 1161 840 1240 calumniatur,
864 1179 913 1221 me
935 1179 1065 1241 scopum
1087 1161 1126 1221 de
1148 1162 1254 1241 poeni·

329 1245 427 1305 tentia
449 1263 511 1306 uon
534 1245 684 1325 attigisse.
727 1245 808 1306 Vide
828 1261 994 1324 procacem
1015 1244 1165 1317 iudicem,
1196 1263 1256 1305 acc

327 1333 480 1408 rogamur.
525 1328 591 1388 lmo
620 1328 688 1407 ipse
716 1347 756 1388 ex
785 1333 852 1388 toto
880 1347 943 1388 non
971 1328 1087 1407 attigit,
1116 1327 1188 1407 quid
1216 1328 1256 1388 de

329 1411 522 1491 poenitentia
542 1411 775 1490 disputavimus.
819 1411 888 1471 Hoc
909 1415 1009 1471 actum
1032 1411 1097 1484 fuit
1120 1430 1159 1472 an
1180 1429 1255 1490 poc·

328 1495 458 1554 nitentia
484 1494 611 1573 incipiat
639 1494 691 1554 vel
718 1493 757 1554 ab
788 1513 895 1556 amore
916 1494 991 1570 Dei,
1019 1493 1070 1554 vsl
1092 1513 1111 1554 e
1132 1494 1254 1572 tmere,

328 1579 415 1637 iuxta
441 1578 674 1639 conclusionem
704 1579 835 1638 tertiam.
879 1575 921 1637 At
950 1575 1021 1635 dum
1051 1576 1089 1636 ad
1113 1583 1254 1656 quartam
1286 1646 1289 1651 ,

329 1667 361 1720 ct
375 1661 512 1740 quintam
532 1661 751 1722 conclusiones
774 1661 924 1735 venimus,
946 1665 1049 1720 aetum
1070 1659 1126 1720 luit
1147 1659 1186 1721 de
1209 1680 1254 1721 rs-

328 1743 478 1803 missioue
496 1763 619 1823 poenae
635 1751 709 1824 post
729 1744 851 1823 culpam
874 1743 1042 1806 dimissam.
1076 1741 1126 1804 An
1149 1749 1253 1804 autem

327 1833 412 1886 recte
441 1825 585 1887 flrmarim
608 1833 730 1898 nostra,
762 1827 813 1886 vel
835 1827 872 1886 D.
897 1826 1045 1888 Martinus
1066 1827 1179 1886 rectius
1202 1825 1254 1887 de·

326 1909 459 1971 teuderii
485 1930 559 1988 sua,
588 1909 705 1970 iudices
729 1909 923 1971 eruditissimi
946 1909 1127 1970 Parisiensis
1150 1908 1252 1970 studii

326 1992 515 2068 indicabunt,
532 2013 595 2053 non
611 1999 741 2070 attento,
760 1993 833 2072 quid
844 1991 1054 2054 Grammatico
1067 1994 1253 2072 apparuerit.

414 2078 470 2152 16)
494 2076 619 2146 Scribit,
649 2076 732 2154 quod
757 2076 971 2156 indulgentiae
996 2074 1070 2134 milri
1097 2076 1201 2136 iocum
1224 2085 1255 2136 et

326 2158 432 2218 ludum
447 2158 576 2219 ciebant.
608 2159 723 2220 Ethoe
745 2158 868 2238 quidem
891 2158 1001 2218 falsum
1024 2164 1081 2235 est,
1104 2161 1252 2236 quoniam

326 2243 408 2301 serio
432 2243 497 2320 egi,
519 2241 774 2321 poenitentiaslj
799 2261 869 2303 csse
891 2241 992 2319 utiles,
1015 2240 1100 2320 quod
1122 2248 1154 2301 ct
1175 2242 1253 2303 lilar-

326 2325 408 2383 tinns
439 2323 572 2389 admisit.
615 2323 673 2405 ngr
701 2331 733 2384 et
760 2326 845 2406 ipsas
873 2343 935 2387 non
958 2341 1029 2384 esse
1051 2325 1157 2384 vitium
1181 2324 1255 2387 boni

328 2409 441 2487 operis.
486 2408 615 2468 Demum
639 2408 785 2484 conabar,
807 2415 841 2469 ut
861 2429 917 2489 per
938 2407 1145 2488 indulgentias
1168 2408 1257 2471 lieret

326 2492 469 2551 remissio
491 2510 614 2571 poenae
636 2511 692 2572 pro
714 2493 851 2571 peccatis
874 2492 1014 2567 debitae,
1044 2491 1094 2552 ubi
1115 2492 1153 2554 D.
1176 2492 1254 2552 Mar-

327 2575 409 2634 tinus
430 2574 550 2635 iortiter
572 2575 644 2635 mihi
667 2574 864 2652 contradixit,
886 2574 1094 2656 indulgentiae
1117 2593 1186 2635 esse
1209 2594 1255 2635 re-

326 2658 490 2718 missiones
519 2658 670 2719 bonorum
704 2676 843 2738 operum.
893 2657 955 2719 Sed
988 2656 1028 2719 dc
1060 2657 1122 2719 hoe
1152 2658 1254 2718 refero

325 2760 376 2800 me
397 2740 437 2800 ad
460 2742 575 2821 scripta
595 2742 784 2823 notariorum
806 2741 1033 2803 Universitatia.
1077 2740 1253 2801 Concorde-

326 2824 427 2883 rimns
450 2830 553 2884 tamen
571 2824 680 2901 ambo,
702 2823 817 2885 abusus
834 2823 1072 2885 declamantium
1094 2822 1254 2904 indulgeu-

326 2906 386 2969 tias
409 2926 478 2966 esse
499 2906 780 2987 reprehendendos.
825 2896 828 2915 '

411 2988 499 3050 Hace
512 2997 591 3066 sunt,
614 2990 833 3051 iucundissime
845 2990 952 3067 lector,
974 3006 1053 3068 quae
1069 2987 1255 3052 videbantur

327 3071 399 3131 milri
423 3091 463 3131 cx
483 3094 518 3133 rc
539 3072 605 3133 fore
625 3075 736 3153 partim
758 3072 951 3151 Christiana,
979 3073 1089 3152 partim
1111 3090 1197 3147 mes,
1220 3082 1253 3133 ut
1311 3122 1314 3128 .

284 3228 289 3241 „
327 3156 436 3232 scires,
475 3157 500 3215 si
534 3155 734 3236 disputationi
773 3174 834 3216 non
867 3155 978 3216 fuisses
1012 3172 1176 3234 praesens,
1209 3164 1253 3232 ut,

327 3237 585 3315 quemadmodum
607 3239 769 3319 plurimum
793 3246 883 3299 cavet
898 3237 1065 3319 Philippus,
1088 3256 1128 3299 ns
1149 3238 1253 3300 ismae

328 3319 480 3396 credatur,
502 3328 556 3382 aut
569 3322 627 3399 liis,
651 3323 701 3401 qui
717 3322 820 3382 mmae
837 3321 971 3399 student,
992 3321 1036 3380 ita
1057 3338 1116 3380 nec
1137 3323 1166 3381 ei
1189 3342 1253 3384 crc-

327 3401 394 3481 das,
415 3406 467 3483 qui
490 3424 552 3465 non
575 3407 690 3466 veritus
713 3411 770 3480 est,
793 3405 941 3485 pleraque
963 3403 1037 3463 mihi
1060 3402 1254 3483 adscribere,

328 3504 389 3546 nec
410 3485 535 3564 quidem
557 3507 576 3547 a
598 3508 648 3549 me
670 3490 815 3569 cogitata.
854 3488 895 3548 Et
917 3488 1057 3566 quamvis
1078 3504 1142 3546 non
1166 3489 1206 3548 sit
1227 3490 1254 3549 is

327 3569 500 3649 Philippus,
533 3570 616 3651 quod
643 3571 808 3651 theologus
831 3590 899 3632 cum
923 3588 961 3631 eo
984 3568 1201 3650 congrediatur
1222 3573 1253 3631 in

327 3652 506 3733 theologico
519 3654 621 3715 studio
631 3653 670 3735 ²),
691 3660 796 3716 tamen
818 3674 857 3714 ne
879 3672 1051 3735 agnoscere
1072 3652 1193 3714 viderer
1214 3656 1253 3715 si-

327 3735 423 3797 lentio
453 3736 548 3812 haec,
577 3756 657 3819 quae
684 3738 757 3798 mihi
784 3739 932 3817 imponit,
961 3736 1089 3799 omnino
1116 3737 1201 3798 volui
1224 3739 1253 3797 si

328 3837 509 3896 occurrere,
543 3821 625 3899 quod
648 3828 680 3881 et
699 3822 733 3883 Β.
757 3821 947 3901 Augustinus
974 3838 1037 3880 nen
1066 3817 1253 3881 dubitaverit

330 3908 439 3963 conus
452 3903 650 3963 &esconium
667 3903 909 3966 Grammatieum
924 3902 1064 3965 scribere.
1098 3901 1145 3962 'l'u
1164 3922 1252 3981 reru,

362 4090 392 4153 1)
411 4086 443 4141 ln
462 4088 506 4143 ed.
525 4086 605 4146 den:
625 4090 824 4162 indulgentias.
862 4090 895 4160 2)
916 4088 1001 4144 Ibid:
1021 4088 1121 4145 stadio.
