3075 4775
381 526 446 594 164
508 579 516 593 Ι
577 525 737 597 Disputatio
754 527 863 597 lipsiae
880 528 976 583 hahita
992 544 1019 584 a.
1037 528 1097 583 xix

274 738 278 747 ·
381 715 436 793 iia,
462 732 543 794 qnae
561 714 729 795 respiciunt
750 714 919 775 animamm
942 715 1088 789 salutem',
1110 722 1196 775 recte
1218 714 1307 792 dicit,

382 793 438 859 sad
459 799 536 859 tales
557 817 620 859 non
641 804 714 857 sunt
732 795 953 877 indulgentiae,
974 804 1009 858 ιιι
1029 797 1223 867 dictumest.

467 879 557 956 Quod
579 886 681 941 autem
694 875 877 960 =prriauus
899 880 993 961 dicit,
1020 881 1118 942 Deum
1148 898 1211 942 non
1234 900 1308 963 per·

384 966 525 1039 mittere,
553 963 638 1044 quod
661 964 760 1023 maior
780 982 852 1043 pars
873 963 946 1025 cleri
968 972 1070 1041 erret,
1103 963 1215 1025 viderit
1235 966 1309 1044 ipae

384 1047 457 1127 quid
483 1047 605 1109 dixerit.
639 1046 765 1106 certem
793 1053 857 1126 eat,
885 1046 968 1141 qugd
997 1053 1138 1128 ternpore
1168 1046 1310 1107 Arianae

384 1129 531 1211 perfidiae
552 1131 651 1191 maior
670 1147 742 1210 pars
764 1135 798 1189 et
813 1129 1059 1209 eloquentiorum
1083 1132 1308 1211 episcoporum

384 1221 417 1275 et
436 1214 610 1274 doctiorum
621 1214 753 1273 virorum
777 1213 892 1273 erravit
911 1214 943 1273 in
965 1220 1051 1273 tauto
1059 1213 1198 1275 articulo
1220 1212 1309 1292 fidei,

385 1296 465 1357 adeo
488 1303 522 1357 ut
542 1295 644 1356 nullus
657 1293 829 1357 catholicus
852 1296 1017 1377 epiecopus
1038 1296 1134 1357 ferme
1154 1296 1311 1357 resideret

384 1380 415 1441 in
438 1378 585 1441 cathedra
605 1398 670 1440 sua.
868 1390 873 1407 ’

466 1459 556 1536 Quod
579 1460 662 1538 dicit,
683 1462 715 1520 in
737 1459 876 1520 conciliis
886 1460 1080 1541 generalibus
1099 1462 1160 1522 iam
1183 1469 1309 1523 trecen-

383 1546 421 1606 tis
443 1546 531 1605 annis
553 1544 663 1606 habitis
685 1541 891 1623 indulgentias
914 1544 1002 1605 utiles
1025 1546 1133 1626 etpias
1156 1542 1310 1606 Christia-

309 1652 313 1659 ’
385 1631 449 1705 nis,
471 1633 511 1688 et'
524 1630 555 1687 in
577 1627 709 1688 concilio
732 1626 902 1687 Viennensi
922 1626 1126 1707 approbatas,
1149 1646 1225 1707 quas
1250 1627 1309 1689 Ur·

386 1710 483 1772 banus
504 1710 555 1774 lV.
593 1728 649 1790 pro
684 1710 857 1770 reverentia
883 1709 1066 1771 venerahilis
1100 1711 1310 1772 eucharistiae

384 1794 415 1855 in
436 1792 577 1854 fidelihus
590 1791 755 1854 excitanda
775 1792 902 1873 largitis
925 1800 982 1875 est,
1002 1793 1200 1875 respondeo:
1221 1793 1310 1855 Nun·

384 1896 477 1957 qnam
498 1877 610 1956 negavi
631 1894 701 1937 esse
723 1874 814 1936 utiles
836 1873 1053 1957 indulgentiae,
1075 1875 1323 1939 sednonGhri··

384 1962 501 2039 chunis,
523 1960 584 2020 hoc
605 1966 662 2040 eat,
683 1957 801 2019 fervide
824 1958 1001 2038 agentibus,
1018 1958 1172 2021 Christum
1196 1979 1309 2021 secun-

386 2042 457 2104 dum
490 2060 604 2103 nomen
633 2061 722 2103 suum
750 2040 924 2102 amantibus
952 2050 984 2103 et
1004 2042 1241 2122 quaerentibus,
1269 2044 1311 2103 iis

385 2128 467 2188 enim
488 2126 609 2206 ingrata
629 2131 678 2185 cst
696 2125 838 2185 remissio
861 2142 1011 2203 operum,
1038 2135 1125 2205 grata
1153 2144 1227 2187 vero
1251 2128 1309 2186 im·

385 2210 499 2290 positio
522 2226 658 2290 operum.
702 2207 845 2269 Secundo
868 2206 954 2269 dico:
987 2207 1083 2285 Quod
1099 2211 1130 2269 in
1152 2210 1190 2269 iis
1211 2208 1309 2271 rebus

386 2312 448 2353 non
481 2298 529 2352 eat
563 2290 756 2373 respicienda
772 2340 775 2347 .
789 2308 923 2371 persona
954 2292 1045 2353 ullius
1075 2294 1140 2353 sive
1170 2293 1310 2370 concilii,

385 2376 450 2437 sive
462 2394 573 2456 papae,
593 2374 650 2436 aed
672 2373 744 2454 quid
761 2372 889 2454 dicatur,
906 2376 1085 2456 praesertim
1108 2374 1233 2456 quaudo
1256 2375 1310 2437 hic

388 2477 473 2520 error
493 2458 534 2518 de
553 2458 761 2539 indulgentiis,
784 2457 869 2519 utin
891 2477 925 2519 re
946 2477 1010 2520 non
1033 2461 1217 2537 necessaria,
1241 2479 1309 2520 non

387 2547 435 2603 eat
454 2542 660 2622 periculosus,
682 2543 792 2603 ceteris
810 2549 917 2617 ,amen
939 2541 1079 2623 paribus,
1102 2543 1163 2604 hoc
1184 2549 1248 2622 est,
1282 2544 1310 2603 ei

386 2627 487 2686 sciant
506 2643 559 2685 eas
580 2643 650 2686 esse
670 2643 733 2685 non
755 2626 967 2704 necessarias,
1002 2645 1061 2687 nec
1093 2627 1125 2686 in
1156 2644 1210 2687 eas
1234 2643 1310 2687 con-

388 2708 494 2769 fidant.

468 2790 519 2852 Ad
540 2790 718 2869 secundum,
739 2789 779 2850 de
801 2792 933 2852 concilio
955 2792 1092 2872 generali
1113 2791 1308 2853 etlunocen-

387 2875 430 2936 tio
453 2874 507 2951 lll,
530 2875 581 2952 qui
601 2875 735 2934 iniunxit
756 2893 813 2954 pro
835 2872 1039 2954 dispositione
1059 2874 1309 2955 hospitaliorum,

388 2966 421 3018 ut
441 2959 473 3018 in
494 2958 706 3018 remissionem
723 2963 921 3036 pcccatorum
936 2958 1112 3018 conferrent
1131 2964 1220 3039 grata
1236 2958 1309 3018 sub·

387 3040 465 3102 sidia
485 3047 554 3119 etc,
587 3038 657 3101 dico
680 3059 731 3100 me
751 3039 852 3100 adhuc
878 3059 941 3101 nou
963 3041 1135 3122 intelligere
1155 3041 1218 3102 hoc
1240 3060 1310 3101 ver·

257 3166 264 3177 ·
387 3123 458 3185 hum
480 3142 603 3204 papae,
631 3141 699 3184 cum
725 3123 867 3184 remissio
887 3130 1084 3204 peccatorum
1107 3124 1180 3184 mihi
1202 3123 1307 3184 videa·

386 3213 435 3268 ιιιι
456 3225 525 3268 csse
552 3205 656 3283 aliud,
689 3225 779 3286 quam
799 3205 1026 3288 indulgentiae,
1058 3214 1151 3286 atque
1172 3207 1198 3267 si
1222 3213 1308 3268 esset

290 3340 300 3350 ,
388 3289 479 3370 idern,
501 3289 574 3352 dico
594 3291 673 3350 sicut
692 3290 785 3370 prius.

470 3371 518 3434 Ad
544 3375 689 3449 tertium,
725 3372 765 3434 de
786 3371 981 3454 Lugdunensi
1002 3373 1150 3455 concilio,
1181 3375 1213 3433 iu
1243 3390 1306 3454 quo

387 3457 559 3538 approbata
580 3456 690 3517 dicitur
709 3456 850 3517 limitatio
875 3457 904 3533 Ι)
934 3458 1097 3536 potestatis
1123 3456 1310 3518 confercndi

388 3538 594 3622 indulgentias
614 3540 791 3601 inferiorum
802 3540 1025 3620 praelatorum,
1046 3540 1176 3601 admitto
1194 3546 1307 3602 totum.

388 3621 485 3698 Quod
498 3631 599 3683 autem
622 3623 778 3703 sequitur:
800 3621 831 3683 Si
854 3625 1101 3700 essentinutilee,
1123 3641 1189 3684 non
1210 3623 1306 3684 fuisse
1358 3655 1359 3667 ι

389 3707 595 3769 necessarium
616 3706 815 3768 collationem
838 3707 903 3766 vitii
925 3708 1027 3787 operis
1049 3708 1186 3767 minuere
1208 3707 1241 3766 in
1263 3708 1306 3766 in·
1357 3736 1358 3766 l

387 3790 548 3852 feriorihus
569 3789 736 3870 praelatis3
766 3788 836 3850 dico
857 3789 1063 3870 indulgentias
1085 3809 1155 3878 eam
1177 3797 1305 3851 vocatas
1356 3859 1357 3864 η

424 4052 456 4117 1)
478 4052 509 4106 ln
527 4053 569 4106 ed.
593 4055 714 4123 origin:
740 4061 768 4108 et
785 4055 921 4109 limitatio.
