3075 4775
363 534 426 601 224
537 537 635 591 Sermo
655 539 682 592 L.
705 539 812 607 Lipsiae
829 540 858 589 in
876 554 941 591 arcs
959 538 1079 591 habitus.

364 732 426 806 tas,
460 744 497 787 ac
534 727 577 787 ito
614 732 798 807 potestatem
826 732 858 786 et
880 726 1128 788 consolationem
1150 726 1283 788 clavium

365 828 505 889 quaeras.
549 809 625 869 (lum
649 812 709 869 iam
733 809 879 870 sacerdos
900 810 1085 889 pronunciat
1111 816 1143 871 et
1170 818 1201 869 te
1232 811 1286 872 ab·

364 894 471 968 solvit,
501 892 583 952 idam
606 901 669 966 est,
702 912 740 952 ec
770 894 796 952 si
818 893 950 953 dicatur:
974 893 1114 953 Remissa
1136 900 1207 953 sunt
1229 894 1285 956 tibi

364 986 494 1055 peccata
514 982 582 1055 tua,
617 975 847 1037 misericordem
870 976 968 1036 Deum
1000 976 1106 1039 habes.
1150 977 1209 1038 Hic
1232 976 1286 1037 de-

364 1078 445 1119 mum
469 1078 570 1119 sermo
593 1060 809 1121 consolatione
831 1059 941 1140 plenus
962 1067 1026 1139 est,
1056 1066 1087 1119 et
1107 1060 1204 1120 verba
1227 1062 1286 1121 Dei

364 1150 443 1221 sunt,
467 1144 517 1223 qui
541 1145 584 1203 sic
606 1141 698 1203 fidem
722 1163 808 1203 suam
830 1143 989 1223 obligavit,
1013 1149 1044 1203 ιι
1065 1144 1097 1203 ιιι
1119 1144 1211 1204 ιοιιο
1237 1164 1286 1205 so·

304 1285 307 1296 ,
364 1226 460 1287 lutum
484 1246 553 1286 esse
574 1226 649 1303 vult,
672 1225 914 1305 quodsacerdos
937 1226 1071 1287 solutum
1088 1230 1286 1305 pronunciat.

447 1310 505 1369 Hic
525 1309 579 1369 tibi
609 1311 700 1369 etiam
723 1317 816 1388 atque
838 1311 931 1370 etiam
953 1308 1118 1369 videndum
1142 1319 1208 1386 est,
1247 1331 1286 1371 ne

305 1460 310 1478 ,
364 1392 445 1535 quidt
460 1392 546 1453 dubit
534 1400 580 1452 tes
603 1394 647 1452 sic
669 1412 702 1452 se
723 1392 847 1454 habere
870 1395 1035 1471 Atquet
994 1394 1082 1452 citius
1105 1412 1167 1454 non
1190 1414 1286 1454 unam

365 1483 445 1536 mort
446 1496 495 1536 em
530 1475 615 1550 obire
638 1475 748 1553 debes,
783 1494 873 1555 quam
909 1476 950 1537 ds
978 1476 1147 1537 sacerdotis
1169 1477 1286 1537 iudicio

365 1558 512 1620 dubitare.
555 1559 633 1621 Nau]
669 1560 779 1619 Christi
813 1566 846 1619 ιι
875 1560 933 1620 Dei
962 1559 1107 1619 iudicium
1145 1567 1201 1621 est.
1255 1560 1285 1622 Si

363 1642 442 1702 haec
462 1644 506 1702 ιιι
527 1642 652 1702 credere
673 1662 715 1721 po
717 1649 792 1720 test,
827 1649 951 1722 oportet
973 1651 1006 1703 ut
1026 1662 1081 1703 cor
1101 1650 1185 1702 tuum
1209 1664 1286 1723 prae

364 1724 481 1785 laetitia
502 1725 640 1786 ridente
642 1726 845 1785 tsacerdotis
861 1734 998 1805 potestat
999 1744 1047 1786 sm
1070 1725 1201 1802 deamat,
1217 1728 1285 1787 Deo

364 1810 480 1889 gratias
500 1817 589 1889 aget,
610 1828 741 1890 eumque
763 1808 904 1869 laudibus
927 1808 1048 1886 efferat,
1082 1809 1166 1888 quod
1200 1818 1286 1871 tuam

249 1948 253 1963 ,
365 1893 585 1953 conscientiam
618 1894 663 1979 ιιι
693 1912 748 1972 per
776 1892 916 1953 homines
946 1893 1101 1953 consolari
1129 1891 1284 1973 dignatur.

365 1974 417 2036 Sin
439 1994 512 2036 vero
536 1962 663 2035 credere
683 1978 803 2053 nescis,
826 1983 857 2035 et
880 1980 911 2035 te
932 1975 1021 2035 huius
1042 1976 1285 2037 condonationis

364 2058 522 2155 indignum
544 2059 676 2135 iudicas,
713 2077 906 2137 nequaquam
928 2060 1085 2119 existimes
1112 2067 1145 2119 tc
1166 2061 1286 2121 satisfe-

365 2143 444 2203 cisse
466 2160 522 2221 pro
545 2142 599 2203 tali
620 2141 681 2202 lide
704 2142 872 2205 obtinenda
894 2142 961 2202 Deo
996 2143 1182 2221 supplicato,
1205 2144 1288 2203 hanc

365 2226 446 2285 enirn
475 2226 533 2285 nisi
566 2226 697 2305 habeas,
733 2235 893 2287 aeteruum
928 2224 982 2286 tibi
1015 2226 1216 2305 pereundnm'
1229 2234 1287 2305 est,

339 2362 341 2371 ,
365 2315 473 2388 estque
494 2309 555 2385 hoo
584 2316 698 2385 certum
723 2310 843 2390 signum
870 2316 901 2368 te
921 2311 952 2368 iu
974 2308 1036 2369 lide
1058 2329 1121 2369 non
1143 2312 1219 2371 sotis
1240 2313 1285 2370 in·

366 2399 513 2454 structum
535 2411 614 2470 esse,
637 2396 668 2452 in
690 2393 833 2473 operibus
858 2401 960 2453 autem
981 2394 1049 2472 plus
1071 2396 1155 2455 satis.

446 2476 556 2536 Millies
579 2477 647 2556 plus
670 2477 700 2536 in
723 2497 761 2537 so
790 2477 879 2536 situm
903 2484 968 2554 est,
997 2484 1030 2536 ut
1051 2484 1135 2537 certo
1158 2485 1191 2538 et
1213 2498 1286 2540 con·

365 2565 481 2620 stanter
509 2559 617 2620 credas
646 2562 818 2620 sententiae
839 2560 1059 2637 absolutionis,
1094 2580 1186 2639 quom
1211 2564 1286 2641 quo-

365 2643 459 2703 modo
483 2641 593 2722 dignus
616 2645 668 2722 sis,
690 2650 722 2703 et
743 2643 927 2715 satisfacias,
949 2643 1091 2722 adeoque
1113 2645 1183 2704 talis
1207 2645 1286 2707 lides

365 2726 491 2806 dignum
514 2737 544 2786 te
565 2726 673 2805 reddit,
696 2725 729 2787 et
750 2746 854 2786 veram
876 2727 1115 2787 satisfactionem
1135 2736 1285 2806 praestat.
1350 2773 1371 2787 -,

365 2811 510 2889 Atqust
487 2812 530 2870 ita
552 2816 690 2890 potestas
714 2810 844 2870 clavium
867 2810 992 2870 adiuvat
979 2816 1086 2870 tnon
1105 2811 1286 2873 sacerdotes

364 2901 397 2952 ut
420 2893 608 2968 sacerdotes,
632 2913 736 2953 verum
759 2901 825 2954 tant
825 2913 887 2971 nm,
910 2903 943 2952 ιιι
963 2892 1103 2954 infirmae
1125 2902 1156 2954 ιι
1175 2915 1286 2974 pecca·

302 3053 303 3056 Ἴ
364 2978 404 3036 ιιι
426 2976 554 3038 obrutae
582 2978 806 3120 oonsqieutiae,
845 2996 924 3056 qnae
945 2979 1074 3073 gratiam
1104 2997 1159 3056 per
1190 2977 1285 3040 fidem

365 3061 537 3141 accipiunt,
569 3066 682 3140 pacent
683 3068 805 3138 nr,et
773 3056 973 3121 etfirmam‘
964 3081 995 3120 ιιι
1019 3061 1116 3121 Deum
1138 3060 1286 3123 fiduciam

366 3145 550 3222 concipient.

439 3226 497 3284 ΙΕιι
518 3245 578 3305 quo
602 3233 712 3305 postea
731 3229 881 3306 sequitur,
921 3227 1004 3306 quod
1037 3229 1138 3288 onmis
1165 3230 1231 3288 vita
1254 3237 1287 3290 et

365 3309 489 3370 afflictio
511 3310 620 3370 leviter
636 3309 714 3370 ferat
702 3317 813 3390 tetur,
781 3311 926 3372 ethomo
949 3311 1054 3370 hilaris
1077 3331 1132 3372 suo
1145 3313 1285 3391 propitio

364 3393 462 3454 Deo'
454 3395 603 3454 inservire
626 3401 726 3472 queat,
750 3395 801 3490 qui
822 3395 937 3474 alioqui
960 3414 1016 3473 per
1038 3394 1140 3456 cordis
1162 3403 1285 3456 aestum

365 3482 397 3536 et
422 3485 531 3557 perpe
533 3497 602 3537 nam
636 3476 755 3537 dubitat
711 3479 858 3538 tationem
891 3477 1006 3537 nullum
1042 3498 1175 3558 unquam
1211 3499 1286 3540 vere

365 3559 479 3620 bouum
507 3581 585 3640 opus
606 3562 687 3621 lacit.
730 3561 798 3620 Hoc
826 3555 946 3622 demum
977 3561 1066 3623 dulce
1099 3559 1174 3621 illud
1206 3579 1285 3623 onus

366 3652 413 3704 est
401 3644 558 3704 tDomini
581 3646 716 3704 nostrii
718 3663 772 3704 esu
795 3646 921 3724 Christi,
952 3644 991 3704 de
1019 3664 1080 3724 qno
1101 3645 1209 3706 Matth.
1237 3653 1284 3709 11

364 3726 514 3806 loquitur:
536 3728 644 3808 Iugum
678 3747 780 3788 meum
809 3729 1005 3790 commodum
1039 3737 1104 3804 est,
1141 3736 1173 3790 et
1206 3751 1284 3791 onus

365 3830 466 3871 meum
488 3812 566 3874 leve.
610 3813 712 3891 Atque
734 3812 812 3871 haec
835 3814 874 3874 de
895 3811 956 3890 hoc
977 3813 1151 3893 evangelie.

731 4033 938 4040 ——-.-.—
