3075 4775
497 533 555 585 aoie
573 531 681 599 Lipaiee
699 530 847 601 disputatio
865 546 892 583 a.
910 530 981 583 xlx.
1119 522 1188 593 iffi&

261 726 542 800 quantumcunque
574 718 736 793 laudabili,
769 720 796 780 ei
827 725 949 781 remota
979 706 1189 781 miwrieordla

247 804 421 876 ‚iudioetur
457 802 537 878 Quid
558 803 618 881 hie,
640 822 766 882 quaeso,
788 804 939 883 seqnitur:
960 803 1074 863 Nonne
1096 821 1189 863 omne

259 893 426 967 peooatum
450 906 521 947 eeee
541 888 667 947 omnino
690 887 820 947 mortale
842 906 882 947 ex
896 892 1006 947 natura
1027 906 1098 962 ene,
1121 885 1189 947 sola

261 978 366 1033 autem
390 970 602 1031 minerioordia
616 970 680 1031 oei
700 970 842 1031 veniale?
876 970 943 1031 Neo
969 971 1078 1030 mirum
1102 983 1189 1046 aeae,

262 1055 335 1135 qnia
371 1072 466 1115 omne
500 1058 661 1135 peooatum
696 1061 745 1114 eet
774 1060 882 1115 eontra
914 1054 1015 1137 legenr
1038 1054 1105 1116 oei.
1148 1053 1191 1112 At

261 1139 375 1200 eontra
397 1136 500 1217 legem
520 1137 579 1198 Dei
602 1155 681 1213 eene,
703 1138 763 1197 iam
780 1138 994 1217 ffadaaimam
1017 1142 1074 1214 est,
1095 1154 1189 1215 qnan-

262 1227 326 1281 tum
351 1222 383 1281 in
408 1222 477 1300 ipso
506 1226 563 1280 eet.
606 1218 743 1281 N'eoesee
777 1227 825 1281 eat
847 1221 929 1281 enim
960 1225 1109 1300 perpetuo
1143 1237 1190 1279 ae·

264 1306 367 1384 pareri
390 1322 409 1361 a
430 1303 515 1381 Deo,
548 1302 694 1383 quidquid
717 1303 1128 1383 quomodoounqueoontra
1148 1302 1189 1363 le·
1228 1318 1238 1325 ·

265 1406 335 1468 gem
359 1386 418 1447 Dei
436 1394 505 1465 eet,
541 1406 610 1447 oum
632 1386 707 1447 nihil
729 1388 922 1467 inquinatum
951 1388 1130 1447 intraturum
1152 1386 1192 1445 eit
1252 1403 1257 1477 ι,

162 1516 163 1533 2
265 1472 296 1530 in
331 1488 463 1549 regnum
497 1470 665 1531 noelorum.
707 1470 828 1531 Deinde
848 1490 918 1531 oum
952 1489 1012 1531 neo
1043 1489 1124 1549 apex
1151 1470 1192 1529 eit

162 1614 163 1619 ,
267 1554 493 1633 praeteriturus
514 1572 533 1613 a
555 1552 641 1633 lege,
664 1555 714 1633 qui
737 1572 799 1613 non
822 1552 890 1631 liat,
912 1572 1043 1615 neaerae
1063 1559 1112 1613 eet
1132 1570 1191 1613 neo

266 1636 393 1697 veniale
416 1636 539 1715 quidem
562 1642 724 1716 peceatum
741 1651 911 1698 remanere.
952 1636 1087 1715 Eloquia
1106 1636 1190 1695 enirn

267 1720 395 1781 Domini
418 1726 515 1789 mola,
537 1725 713 1800 argentum,
735 1721 808 1800 igne
828 1720 1007 1800 probatum,
1029 1724 1191 1799 purgatum

269 1802 460 1883 septuplum.
504 1802 549 1863 lta
572 1822 679 1882 purum
702 1822 772 1864 esee
794 1804 950 1883 oportebit
970 1810 1002 1863 et
1022 1802 1191 1875 hominem,

162 1926 163 1965 3
267 1886 388 2042 agipppi
406 1884 439 1963 Ι)
463 1886 568 1948 salvas
589 1904 652 1947 non
676 1887 747 1964 erit,
783 1893 837 1947 eut
856 1906 938 1967 apex
958 1904 1037 1946 unua
1058 1893 1191 1964 praeter-

267 1990 309 2031 ιι
378 2017 385 2030 .

354 2052 511 2127 Qnooiroa
531 2053 635 2133 gravis
658 2072 742 2113 error
763 2059 811 2113 eet
832 2054 941 2113 iternm
963 2051 1191 2131 theologorum,

269 2142 437 2215 peecatum
462 2135 582 2197 veniale
604 2138 725 2215 penitus
745 2136 819 2196 nihil
843 2136 1022 2213 curantium,
1046 2145 1077 2194 et
1099 2135 1191 2215 garri·

162 2262 164 2275 ,
268 2219 404 2294 entium,
428 2217 510 2297 quod
534 2218 658 2279 veniale
676 2225 838 2299 peoeetum
859 2219 957 2279 Deum
979 2237 1042 2279 non
1064 2216 1194 2278 offendit

268 2309 322 2363 aut
346 2301 449 2362 solum
464 2301 625 2363 venialiter
637 2302 773 2363 offendit
818 2302 851 2364 si
871 2309 934 2362 tam
951 2302 1027 2362 levia
1048 2299 1190 2376 offensio,

268 2405 324 2447 our
345 2387 443 2446 iustae
464 2387 515 2446 vix
530 2384 633 2446 salvus
656 2387 731 2447 erit?
755 2405 809 2448 our
819 2405 883 2447 non
895 2387 1026 2446 ιιιιιιὶιιει
1043 2383 1189 2444 indicium

162 2501 164 2558 p
269 2470 338 2547 Dei,
361 2476 395 2530 et
417 2468 575 2530 iustilioari
597 2471 694 2530 iustus
716 2489 779 2530 non
793 2469 915 2549 potest?
937 2469 999 2528 Gur
1018 2475 1083 2528 tem
1096 2468 1189 2541 aerio,

266 2560 298 2614 et
327 2571 392 2612 non
426 2552 586 2613 venialiter
617 2571 676 2612 neo
706 2554 874 2633 improprie
912 2570 1002 2612 orare
1034 2552 1188 2630 cogimur:

265 2637 394 2696 Dimitte
417 2635 507 2696 nobie
528 2634 632 2714 debita
653 2641 776 2710 nostra,
799 2643 843 2695 et:
867 2635 934 2694 Fiat
963 2633 1106 2694 voluntas
1127 2639 1190 2707 tua,

266 2719 414 2780 adveniat
435 2737 564 2798 regnum
587 2725 686 2797 tuum,
718 2716 926 2778 aanotifioetur
947 2735 1061 2777 nomen
1084 2715 1189 2774 taum?

266 2802 380 2864 Nonne
393 2806 530 2880 ¹apparet
551 2801 609 2862 hoe
628 2801 834 2882 theologiatae
846 2801 977 2880 primum
992 2799 1190 2878 exstinguere

162 2923 163 2938 ι
266 2882 408 2948 timorem
422 2883 478 2952 Dei
501 2885 531 2944 in
546 2884 731 2961 hominibus,
753 2883 866 2946 deinde
877 2883 1021 2964 pulvillos
1036 2888 1076 2940 -et
1095 2881 1188 2940 eervi-

266 2968 346 3030 oalia
370 2965 426 3028 sub
448 2967 598 3027 'manibus
615 2959 665 3028 'et
685 2968 837 3048 eapitibue
860 2985 965 3028 eorum
984 2983 1122 3046 ponere5
1155 2969 1190 3022 ιιι

267 3049 416 3112 lixeolriel
453 3049 544 3126 didit,
576 3069 614 3110 eo
642 3052 801 3112 orationes
822 3071 930 3112 eornm
952 3049 1191 3124 remittere,·et

267 3133 411 3214 Spiritum
434 3133 650 3214 exstinguere?
687 3132 756 3195 Non
787 3143 836 3195 eet
855 3154 905 3196 res
927 3133 1005 3194 levia
1038 3131 1191 3191 momenti

267 3217 387 3294 (dieant
403 3215 482 3294 naid
504 3215 646 3286 velintll
690 3218 696 3229 '
732 3224 764 3278 et
786 3218 937 3280 voluntati
972 3214 1097 3275 divinae
1138 3213 1188 3272 vel
1287 3235 1295 3245 ·

266 3320 327 3362 uno
351 3299 415 3379 pilo
439 3298 611 3360 dissentire.
648 3236 791 3373 eligores
813 3309 862 3362 eat
881 3301 958 3361 levia
974 3296 1190 3358 mireri'oordia

267 3383 380 3462 divina,
404 3401 483 3461 quae
504 3382 624 3442 veniale
646 3384 787 3463 ignoeoit.
820 3385 879 3445 ‘lta
896 3383 940 3443 illi
963 3381 1062 3462 legem
1085 3387 1117 3440 et
1137 3399 1189 3440 vo·

267 3465 416 3526 luntatem
438 3483 475 3526 ao
500 3465 739 3527 misericordiam
760 3467 899 3528 divinam
929 3480 1028 3546 paene
1056 3483 1113 3543 pro
1132 3464 1188 3543 ,ig-

267 3551 359 3609 navia
379 3547 507 3624 habent
528 3567 569 3612 ne
590 3549 709 3610 ferveat
730 3552 847 3625 oratio,
868 3568 949 3611 neve
970 3547 1077 3608 ardeat
1098 3547 1188 3626 grati·

266 3632 338 3693 tudo
368 3633 529 3694 iustorum.
553 3631 778 3694 Attendamus
806 3653 881 3713 ergo
909 3651 930 3692 a
955 3631 1106 3691 fermento
1127 3630 1187 3689 isto

267 3715 451 3794 pharisaico.

349 3797 402 3857 llia
423 3797 544 3856 interim
577 3798 765 3859 aetiefaotnm
796 3804 863 3874 eat,
892 3795 1059 3858 lieoienam
1082 3813 1188 3854 seonn-

300 3971 331 4024 1l
352 3969 384 4024 In
403 3969 563 4040 edd.orig.:
577 3971 710 4042 alioquin.
729 3968 758 4030 2»
773 3967 858 4023 Ibid.:
879 3970 944 4040 quia
962 3984 1035 4038 apex
1045 3924 1189 4019 unnanon

266 4042 430 4110 praeteribit
