3075 4775
337 529 403 600 ιω
572 531 618 586 ιι.
635 531 742 587 mnus
759 530 909 599 omaso
927 531 964 585 ιιι

343 722 381 784 tis
403 723 518 784 fruetus
538 723 658 783 enimus
679 720 799 782 avidius
820 722 913 782 vitem
936 725 1077 801 expetat,
1110 725 1145 780 ut
1171 736 1267 783 oeen-

343 812 433 888 patus
461 807 516 866 ills
541 804 748 867 sollieitudine
768 804 950 866 retinendae
973 805 1054 866 vitae
1088 803 1146 864 Dei
1178 823 1266 884 pror-

342 909 394 950 sus
417 889 633 964 obliviscatur,
654 896 689 948 ut
715 890 789 948 item
813 895 942 949 mortem
964 888 1061 968 fugiat
1082 895 1112 948 et
1134 905 1267 948 exosam

344 973 459 1034 habeat
480 972 652 1033 eonmaDei
665 971 856 1032 voluntatem
878 969 1117 1032 eomaadstum.
1139 969 1268 1046 Quanto

343 1058 425 1116 enim
456 1056 548 1116 altius
575 1055 630 1114 illa
660 1054 699 1114 de
731 1061 832 1117 morte
860 1055 1008 1136 cogitatio
1041 1055 1144 1114 animo
1174 1053 1269 1114 fuerit

341 1142 509 1218 impresse,
530 1143 617 1199 tanto
640 1137 794 1198 difficilius
816 1137 957 1216 adeoque
980 1139 1096 1198 maiore
1118 1155 1189 1196 oum
1210 1155 1266 1216 pe-

342 1222 439 1283 rieulo
464 1224 594 1283 mortem
616 1222 793 1282 toleremus.

425 1304 476 1366 flio
505 1306 599 1385 igitur
629 1302 804 1365 leniendum
838 1311 918 1381 erat,
954 1305 1079 1383 saepius
1113 1303 1191 1363 haee
1218 1303 1267 1362 de

343 1394 442 1450 morte
469 1389 617 1468 eogitetio
647 1394 714 1448 erat
739 1386 918 1448 revocanda
941 1388 973 1446 in
1001 1388 1152 1461 animum,
1191 1385 1265 1446 dum

343 1472 515 1532 ineolumes
535 1471 682 1549 vivimus,
718 1469 851 1549 dumque
882 1471 988 1550 prooul
1011 1469 1111 1530 adhue
1133 1477 1265 1530 mortem

345 1556 457 1618 abesse
480 1573 650 1614 censemus.
693 1552 771 1614 Tum
805 1571 874 1612 oum
902 1554 963 1614 iam
991 1552 1184 1614 moriendum
1218 1559 1266 1611 eet

344 1656 382 1697 aa
402 1655 461 1698 nos
482 1639 551 1718 ipsa
573 1655 656 1697 mors
678 1643 774 1717 urget,
797 1637 866 1716 plus
884 1636 1061 1718 diligentior
1075 1636 1180 1696 mortis
1204 1655 1265 1694 me-

344 1720 453 1781 ditatio
476 1720 582 1795 obest,
605 1739 695 1799 quam
717 1719 859 1799 prodest,
880 1721 943 1780 imo
966 1725 1030 1779 tum
1053 1719 1180 1779 omnino
1203 1718 1266 1778 alio

342 1802 526 1864 delleotendi
548 1811 618 1863 sunt
638 1803 731 1881 oouli,
754 1809 786 1863 et
807 1821 897 1883 quem
915 1803 1098 1883 longissime
1115 1802 1267 1863 eiioienda

344 1889 448 1947 animo
471 1887 526 1946 illa
552 1886 660 1946 mortis
690 1887 836 1966 cogitatio
860 1892 922 1961 est,
955 1887 1035 1946 siout
1060 1885 1139 1944 inira
1161 1903 1266 1945 mone·

319 1963 454 2030 .bimus'.
496 1969 576 2030 Nam
599 1989 680 2032 mors
703 1975 766 2030 tum
789 1969 911 2029 demum
935 1976 983 2030 est
1003 1967 1207 2043 validissime,
1241 1968 1267 2026 si

344 2053 460 2131 alioqui
495 2052 616 2112 infirma
642 2062 750 2112 natura
777 2052 953 2132 importuna
976 2071 1013 2111 ao
1034 2052 1127 2111 nimie
1150 2052 1266 2130 eogita-

345 2138 429 2195 tione
451 2136 557 2195 mortis
580 2155 614 2195 ee
636 2135 793 2215 defatiget.

427 2217 585 2296 Septimo,
608 2217 715 2278 eadem
737 2219 859 2282 ratione
880 2223 912 2276 et
931 2223 1092 2296 peeoatum
1116 2218 1267 2295 augessit,

343 2301 369 2359 si
392 2301 516 2379 saepius
542 2307 574 2360 et
602 2301 693 2360 altius
716 2301 755 2360 de
777 2319 816 2362 eo
838 2300 965 2380 cogites.
1011 2299 1138 2360 Multum
1161 2307 1265 2360 eutem

344 2381 383 2441 ad
408 2402 476 2443 eam
497 2402 561 2444 rem
576 2382 649 2444 fauit
668 2385 730 2445 iam
753 2390 825 2445 ante
847 2383 1162 2462 territeoonsoientie,
1186 2402 1267 2463 quae

344 2475 377 2525 et
397 2485 455 2526 suo
476 2465 590 2527 iudioio
608 2467 754 2528 damnata
776 2474 839 2545 est,
871 2474 902 2527 et
927 2466 1023 2546 pudet
1050 2484 1173 2546 quoque
1197 2486 1266 2527 eam
1332 2474 1333 2479 ’

344 2549 470 2609 admissi
498 2552 626 2630 peooeti.
675 2550 732 2611 Est
761 2558 864 2610 autem
894 2556 957 2609 tum
985 2568 1098 2631 magna
1131 2549 1268 2610 fenestre

288 2653 295 2667 ¹
343 2632 478 2693 Satanae
498 2633 539 2693 ed
561 2634 752 2695 exercendos
774 2652 832 2694 nos
854 2639 981 2713 operte,
1002 2631 1128 2693 rimatur
1150 2634 1267 2707 omnia,

344 2735 401 2775 nos
429 2723 533 2796 urget,
567 2723 695 2795 peooata
721 2734 846 2796 qnoque
873 2716 967 2795 longe
999 2717 1141 2797 graviora
1172 2722 1268 2795 atque

344 2805 415 2858 sunt
449 2797 546 2880 fingit.
589 2798 629 2859 at
664 2801 755 2859 mirus
778 2800 887 2859 artifex
909 2799 1171 2873 omniaomnium
1197 2818 1267 2879 pee-

344 2888 491 2960 catorum,
513 2884 719 2962 quiunquam
736 2883 874 2954 luerunt,
897 2882 1041 2962 exempla
1062 2888 1135 2942 ante
1157 2882 1267 2943 oeulos

344 2966 446 3043 ponit,
467 2964 580 3046 redigit
599 2967 630 3025 in
655 2966 835 3025 memoriam
858 2964 979 3026 illorum
1003 2967 1089 3025 tn'ste
1110 2964 1267 3041 iudicium,

344 3048 396 3189 (gui
426 3045 466 3107 ob
494 3048 588 3128 longe
616 3047 734 3109 leviora
760 3055 891 3127 pensata
918 3055 1044 3108 aeterna
1075 3054 1173 3108 morte
1195 3058 1269 3109 sunt

364 3130 489 3190 amnati.

425 3212 528 3274 Effioit
549 3211 650 3274 au‘tem
673 3214 721 3273 his
743 3214 981 3293 tentationibus,
1011 3223 1043 3273 ut
1075 3219 1128 3274 eut
1155 3213 1212 3274 des
1237 3234 1267 3273 a

344 3297 465 3355 ratione
492 3297 590 3357 vietus
612 3297 731 3356 animus
754 3296 950 3374 succumbat,
983 3303 1036 3357 aut
1063 3302 1172 3358 eontra
1208 3234 1236 3357 B

343 3377 533 3439 voluntatem
563 3382 695 3440 retinere
722 3381 816 3440 vitem
847 3382 964 3460 oupiet,
997 3387 1030 3454 ut
1059 3380 1171 3441 oblitus
1208 3380 1268 3439 Dei

1239 3298 1383 3363 ei¹

343 3479 450 3541 perere
473 3462 539 3524 Deo
562 3463 654 3536 nolit,
684 3471 715 3523 et
741 3464 854 3523 invitus
877 3470 1006 3523 mortem
1032 3463 1132 3525 obeat.
1174 3462 1267 3523 Prae-
1382 3478 1383 3485 ¹

344 3544 434 3622 oipue
455 3553 556 3605 autem
584 3552 648 3606 tum
670 3546 723 3606 illa
745 3545 849 3607 solent
872 3547 1022 3625 aoeidere,
1045 3566 1113 3607 oum
1136 3564 1266 3625 persua·
1382 3582 1383 3599 ι

344 3627 397 3687 det
419 3627 475 3689 sibi
502 3628 596 3693 homo
625 3630 830 3689 neeessariam
855 3635 885 3689 st
905 3630 1010 3690 utilem
1033 3630 1112 3689 hano
1134 3628 1172 3689 de
1195 3646 1267 3707 pao

345 3716 415 3771 osto
438 3712 656 3795 cogitationem
679 3731 756 3774 esse.
801 3712 900 3773 Sentit
921 3713 1002 3773 enim
1025 3733 1058 3775 se
1079 3713 1266 3792 imparatum

343 3800 374 3852 et
408 3793 448 3853 ed
481 3802 609 3855 mortem
637 3796 699 3855 iam
731 3794 920 3856 subeundam
950 3795 1029 3856 adeo
1051 3814 1114 3857 non
1136 3796 1267 3855 instruo-

343 3883 422 3951 tum‚
458 3883 491 3936 ut
518 3878 622 3936 omnia
648 3877 703 3937 illa
732 3878 815 3939 bona
839 3896 951 3957 opera,
982 3896 1061 3958 quae
1089 3898 1146 3961 per
1167 3879 1266 3939 vitam

341 3958 464 4036 feeerit,
487 3964 551 4017 tum
572 3966 768 4037 peecatorum
792 3960 902 4021 faeiem
924 3960 1067 4040 induent,
1090 3966 1264 4026 sitantum

344 4039 441 4116 abest,
464 4046 499 4100 ut
513 4040 639 4119 aliquod
661 4041 700 4102 de
720 4043 782 4103 illis
800 4049 903 4122 speret
916 4046 1094 4125 praemium,
1117 4051 1151 4104 ut
1168 4044 1262 4105 etiam
