3075 4775
320 490 342 557 8
438 493 594 564 Disputatio
614 499 643 550 st
660 495 762 550 Exoao
781 495 856 550 Ennii
875 495 937 548 adv.
957 494 1043 550 Orlm.
1063 495 1142 548 bath.

323 681 493 761 quaerore?
534 682 604 744 Vidi
637 683 730 744 etiam
757 689 789 744 et
815 703 886 746 enm
921 683 1018 746 multo
1049 683 1159 749 dolore
1180 683 1243 764 legi

322 783 471 843 arrogans
491 767 637 847 seriptum
659 767 724 826 eius
748 774 887 829 aetorum
909 766 992 848 apud
1011 785 1063 847 se,
1084 765 1166 847 apud
1186 766 1240 830 Le·

323 855 430 930 gotum
461 855 493 909 et
514 849 742 930 Appellationis
774 850 815 911 ad
844 851 976 911 futurum
999 850 1178 928 eonsilium,
1209 857 1243 910 et

304 926 385 992 'non
426 932 493 992 sine
533 933 649 1014 gemitu
687 932 807 1012 aliquas
843 935 1072 1014 propositiones
1107 934 1240 1014 suseepi.

202 1077 214 1093 .
284 1013 470 1076 ‘Maiorem
499 1033 671 1095 sperassem
698 1016 755 1077 snb
784 1018 873 1098 nigra
901 1016 1023 1078 onoulla
1043 1016 1241 1078 sobrietatem
1362 1083 1377 1098 ,

321 1103 355 1174 et
391 1099 580 1176 patientiam.
627 1099 750 1160 Utinam
784 1119 853 1160 eam
886 1099 996 1160 fnisset
1031 1106 1153 1160 secutus
1185 1105 1242 1160 aut

323 1177 416 1241 modo
446 1189 626 1260 sequeretur
653 1181 855 1261 modestiam,
889 1201 995 1267 quam,
1014 1181 1045 1244 fl.
1068 1182 1240 1263 Cyprianus

323 1269 438 1346 martyr
459 1263 498 1324 ad
521 1265 726 1345 Rogatianum
749 1272 781 1328 st
796 1265 972 1326 Comeiium
990 1265 1106 1344 doouit,
1127 1266 1180 1344 qni
1201 1284 1242 1326 ex

323 1353 502 1488 contemptu
519 1347 603 1444 oleri
633 1347 779 1444 haereses
807 1354 890 1409 ortas
918 1355 1047 1446 testator
1073 1347 1112 1409 ad
1133 1348 1241 1444 Pupia

323 1448 406 1490 num.
472 1436 484 1489 t
505 1429 567 1490 aho
586 1430 660 1510 Jooo
683 1437 741 1492 art:
764 1430 851 1492 Haeo
873 1439 944 1492 sunt
965 1438 1054 1492 imtra
1072 1431 1240 1492 haeretico·

323 1531 388 1574 rum
428 1518 460 1572 et
491 1519 576 1574 ortus
608 1519 700 1593 atquo
727 1522 857 1575 oonatns
888 1515 1130 1576 scismatieorum
1159 1514 1241 1578 maie

323 1595 540 1675 eogitantium,
575 1602 608 1658 ut
641 1597 698 1658 sibi
720 1597 879 1677 plaoeant,
909 1604 942 1659 nt
962 1599 1170 1679 praepositum
1193 1615 1241 1658 su·

323 1677 419 1758 psrbo
442 1683 561 1739 tumore
583 1686 799 1742 oontemnant:
829 1682 875 1742 sio
902 1680 942 1743 de
961 1681 1104 1742 Eoolesia
1125 1679 1240 1742 reoedi·

323 1766 381 1838 tur,
404 1760 449 1821 sio
470 1760 567 1822 altare
589 1763 750 1843 profanum
772 1764 1047 1841 foriseoliooatur,
1068 1765 1115 1824 sio
1133 1769 1242 1826 oontra

322 1842 623 1990 &diffinit
638 1841 875 1992 tttffltttt
899 1847 1242 2013 ,ppeprffip

324 2009 457 2090 Papam)
492 2009 636 2073 haereses
666 2019 756 2074 ortae
782 2020 870 2091 sunt,
902 2020 957 2075 aut
985 2021 1059 2074 nata
1086 2014 1241 2091 scismata,

323 2091 382 2153 nisi
411 2092 494 2172 qnod
516 2094 668 2174 sacerdoti
688 2096 751 2156 Dei
771 2114 834 2158 non
861 2096 1099 2178 obtemperatur.
1142 2094 1241 2170 Quam

324 2175 495 2238 oonsultum
518 2185 602 2239 esset
621 2179 744 2240 Luttero
762 2179 793 2240 id
815 2180 969 2260 ampleoti,
991 2179 1073 2261 quod
1086 2178 1116 2242 fl.
1129 2178 1241 2242 semo

323 2257 442 2318 Pisanis
464 2260 619 2324 oonsnluit
646 2261 688 2322 de
706 2261 848 2326 Honorio
874 2263 974 2343 Papa:
1006 2263 1136 2324 Honora
1156 2269 1240 2323 tuom

323 2347 356 2403 st
378 2342 583 2405 universitatis
605 2344 737 2410 Patrem.
781 2345 843 2409 sed
859 2346 1003 2427 antiquos
1025 2347 1144 2409 eineres
1164 2345 1244 2427 ignit

323 2424 429 2485 linter
458 2432 490 2487 et
511 2428 656 2508 antiquae
679 2431 773 2490 messi
794 2450 908 2491 novam
929 2430 1061 2510 praeisrt
1081 2431 1241 2507 zizaniam,

323 2516 357 2567 nt
375 2504 531 2571 Ambrosii
552 2510 654 2573 vorbis
680 2519 762 2592 utar,
790 2514 828 2574 D.
851 2513 886 2576 Ο.
908 2514 959 2592 ii,
982 2514 1033 2594 qui
1061 2513 1181 2593 reoepit
1206 2532 1241 2574 se

324 2607 500 2652 mansurum
536 2612 604 2655 oum
620 2596 753 2657 eeclesia
774 2616 871 2677 usqne
892 2595 933 2657 ad
945 2596 1241 2658 consummationem

323 2674 429 2752 seond,
456 2675 609 2739 illuminet
628 2677 880 2741 eorda-fidelium
909 2687 942 2741 et
967 2680 1021 2741 det
1042 2679 1131 2741 nobis
1153 2698 1240 2741 suam

322 2774 442 2837 paoem.
493 2759 635 2823 Ceteram
673 2762 930 2842 quemadmodum
964 2783 1016 2825 me
1049 2762 1161 2842 obtuli,
1197 2762 1242 2823 ita
1309 2839 1317 2847 ,

323 2847 432 2903 oontra
459 2843 569 2905 ambos
596 2844 805 2926 disputaturus
830 2866 897 2907 snm
928 2865 987 2925 pro
1012 2844 1085 2906 fidei
1112 2845 1242 2906 veritate

322 2930 355 2984 ot
374 2922 464 2987 Sedis
483 2924 542 3007 Ap.
566 2930 695 2989 tuitione
708 2928 1010 2991 Christoadiotora:
1033 2947 1096 2990 non
1117 2930 1148 2988 in
1166 2947 1239 3009 pro-

310 3000 394 3067 'iana
415 3007 508 3071 domo
531 3016 563 3071 et
583 3011 714 3091 angulis,
735 3011 791 3071 sed
812 3012 844 3071 in
865 3010 1083 3072 florentissimo
1100 3011 1241 3092 Lipsensi

321 3088 503 3169 Gymnasio,
525 3110 629 3153 eoram
652 3092 840 3155 doctissimis
870 3093 1006 3156 eiusdem
1030 3093 1129 3156 Stadii
1150 3094 1240 3176 patri

323 3170 394 3249 bus,
423 3191 462 3233 ea
482 3192 543 3253 qna
572 3174 662 3237 deoet
684 3176 847 3256 modestia,
869 3183 902 3237 ut
922 3177 1067 3256 salvetur,
1088 3196 1152 3239 non
1173 3196 1241 3257 por·

322 3252 411 3314 datur
443 3256 566 3318 veritas.
616 3258 720 3329 Plaoet
759 3278 834 3321 vero
862 3267 896 3322 ut
929 3279 985 3341 pro
1019 3279 1106 3322 mors
1136 3257 1240 3341 Ango-

321 3336 392 3397 stini
420 3343 451 3398 et
471 3338 650 3421 Hieronymi
680 3341 759 3403 haee
785 3341 854 3403 fidis
884 3344 1076 3425 exeipiantur
1102 3340 1240 3421 notariis,

322 3424 353 3480 st
386 3419 452 3481 urbi
487 3439 525 3482 so
562 3424 628 3487 orbi
656 3424 731 3486 fiant
758 3428 927 3488 notissima.
970 3427 1072 3506 Haeo,
1101 3424 1240 3487 fidissimi

321 3500 464 3583 Patroni,
493 3504 581 3567 vobis
609 3506 783 3590 significare
809 3510 894 3571 volni
929 3517 961 3571 et
991 3529 1047 3591 par
1079 3526 1137 3570 ros
1165 3507 1240 3570 Orbi

322 3584 506 3666 ohristiano,
551 3596 584 3649 nt
627 3593 678 3670 qui
716 3590 835 3653 seoriam
879 3594 1040 3655 veritatem
1076 3592 1240 3673 plurimum

320 3668 438 3747 oolitis,
460 3689 497 3731 ao
518 3674 663 3735 vertioom
685 3674 845 3738 EooIesiaa
867 3676 979 3737 Christi
1001 3675 1165 3754 riearinm,
1188 3694 1239 3755 pa

319 3770 408 3831 pam,
430 3756 636 3835 veneramini,
670 3768 708 3819 ‘ao
728 3771 786 3839 pro
807 3759 890 3821 felioi
912 3766 993 3821 atain
1014 3758 1176 3819 Ensissias
1207 3764 1241 3819 et

320 3835 484 3898 oathsdrae
505 3837 586 3900 Petri
617 3857 686 3901 eum
716 3842 859 3902 fratribus
887 3844 998 3903 vestris
1029 3840 1240 3907 indesinenter
1286 3843 1290 3847 ’

319 3920 444 4000 rogatis,
479 3930 510 3982 et
539 3921 620 3983 hano
648 3925 785 3986 veritatis
818 3944 944 3985 oausam
971 3943 1028 4007 pro
1050 3924 1173 3987 Christo
1203 3930 1236 3988 at

318 4000 415 4067 Petro
431 4004 710 4069 meeumlrabeetis
733 4007 990 4071 sommendatam.
1033 4007 1145 4073 Valots
1163 4008 1233 4071 Deo
