3075 4775
369 549 437 623 226
634 552 726 606 Resol.
746 552 774 605 L.
794 567 878 620 super
895 552 1080 619 Proposition.

376 736 495 799 soribit:
530 735 619 817 „sed
641 737 715 797 iam
737 735 782 797 ad
804 724 1077 798 resolutiones
1098 734 1229 814 aooedo,
1260 741 1296 795 tu

261 838 267 851 ‘
374 821 529 882 iuterim
551 839 624 881 oura
645 828 678 880 ut
698 820 903 881 illustrissimo
915 819 1048 900 Principi
1060 819 1186 879 Eooium
1209 837 1296 879 oom-

277 962 283 971 ,
378 902 520 982 mandes,
559 904 638 965 siout
665 922 699 963 se
723 905 821 983 ipsum
855 904 1065 965 sommendari
1092 904 1203 962 meruit
1224 902 1298 981 *).“

376 986 475 1061 Quum
507 1005 580 1048 vero
603 987 662 1047 iarn
683 985 733 1046 die
755 988 845 1047 tertio
867 986 951 1048 Μ
994 985 1118 1047 tembris
1149 985 1209 1045 hae
1238 1004 1297 1063 re·

373 1069 595 1130 solutiones
633 1067 838 1130 venderentur
867 1069 925 1150 (de
987 1076 1050 1130 ette
1072 1068 1086 1128 Ι
1106 1088 1136 1149 p.
1158 1068 1239 1138 328>
1264 1076 1296 1129 et

374 1152 424 1223 die
445 1154 494 1217 13.
517 1172 556 1212 m.
589 1151 776 1232 Septembris
799 1154 958 1234 Augustae
978 1151 1207 1212 vindelicorum
1243 1150 1296 1211 de·

207 1243 219 1255 “
279 1294 286 1299 ,
373 1255 435 1296 nuo
468 1236 548 1315 typis
590 1254 723 1296 excusae
766 1234 944 1315 ederentur,
987 1254 1116 1311 necesse
1152 1241 1200 1295 est
1229 1234 1296 1294 edi·

373 1320 487 1379 tionem
516 1336 620 1378 earum
642 1318 939 1400 Vittembergensem
966 1320 1035 1398 ipso
1059 1336 1166 1378 mense
1188 1318 1295 1397 Augu·

373 1409 421 1461 sto
444 1404 475 1461 in
496 1402 595 1461 lucem
617 1400 780 1481 prodiisse.

432 1486 578 1564 Princeps
602 1482 695 1545 editio
719 1486 794 1546 exiit
815 1485 870 1545 sub
892 1485 954 1545 hoo
975 1484 1083 1545 titulos

435 1567 718 1628 Resolutiones
750 1568 1011 1629 Lutheriunae
1043 1567 1172 1647 Super
1198 1566 1295 1626 Pro-

372 1638 639 1728 positionibus
662 1651 741 1711 suis
763 1650 919 1731 Lipsiae
947 1649 1177 1729 disputatis.
1293 1641 1297 1650 ’

455 1734 488 1792 ln
511 1734 588 1793 tituli
610 1735 740 1814 pagina,
764 1751 843 1813 quae
864 1734 955 1793 nullis
977 1735 1073 1815 signis
1095 1732 1296 1813 typographi-

372 1818 416 1876 ois
439 1826 548 1877 ornata
569 1824 638 1895 est,
667 1836 724 1877 neo
744 1816 833 1877 loeus
856 1836 914 1877 neo
935 1837 1033 1877 onnus
1054 1816 1214 1877 indicatur.
1258 1815 1294 1875 ln

242 1924 253 1934 ’
373 1900 799 2043 tlttttlltttglll
828 1898 1296 2061 ltttttt¹¹ltltl⁰lttt

371 2065 432 2125 lani
456 2065 580 2128 Lutheri
603 2066 642 2126 ad
661 2066 851 2145 &palatinum
873 2067 987 2144 domm,
1009 2054 1097 2125 buius
1114 2067 1145 2124 in
1166 2064 1228 2125 line
1250 2064 1295 2125 le·

311 2148 314 2155 ’
351 2150 470 2238 ἱςίῐυκε
507 2149 744 2229 Vuittenbergae
762 2139 926 2213 dorix.-
953 2142 1180 2229 Assumptionis
1200 2148 1294 2207 Mari-

371 2250 460 2310 anas,
484 2232 741 2293 etltesolub'ones
756 2233 881 2293 Luthori
902 2252 926 2296 s.
936 2234 1025 2312 Prop.
1035 2233 1068 2293 L.
1078 2231 1156 2311 disp.
1179 2230 1295 2291 Exem-

372 2314 449 2396 plar,
469 2314 552 2394 quod
573 2316 662 2377 uobis
685 2336 724 2376 ex
747 2315 934 2377 bibliotbeea
954 2318 1030 2396 reip.
1055 2314 1296 2394 Norimborgen·

371 2400 412 2458 sis
435 2407 558 2478 praesto
587 2407 669 2479 erat,
701 2400 784 2461 Otho
808 2402 984 2460 Beolrmano
1006 2399 1149 2460 Ebenero
1171 2399 1296 2461 Norlm·

372 2481 513 2562 bergensi
537 2483 661 2542 miserat
682 2484 760 2544 haee
780 2503 838 2543 sua
858 2503 949 2554 manu
970 2482 1106 2543 addens:
1134 2483 1293 2560 „Domino

371 2563 560 2646 Hieronymo
589 2567 713 2628 Ebenar
745 2565 1054 2633 duumvnosNumb.
1077 2565 1160 2626 Otho
1194 2565 1295 2624 Reek·

311 2696 322 2704 .
371 2655 497 2710 maun.“

433 2733 504 2794 Alia
517 2731 612 2810 editio
635 2733 797 2813 originalis
819 2732 907 2792 huius
930 2733 1008 2810 libri,
1030 2734 1294 2810 formaquartan.‚

370 2825 544 2879 asservatur
567 2817 597 2874 in
620 2815 808 2877 bibliotbeaa
827 2816 1089 2897 boumbergensi,
1111 2834 1191 2894 quae
1211 2814 1274 2877 ban

370 2918 445 2978 prae
466 2919 500 2959 se
521 2899 579 2958 fert
600 2901 846 2979 inscriptionem:
1217 2923 1222 2931 ¹

433 2982 613 3062 Epistola
647 2983 683 3045 b.
705 2984 863 3042 Martini
892 2983 1044 3042 Lutber
1076 2980 1130 3041 Ad
1153 2979 1292 3042 Geor-

266 3104 268 3112 1
370 3065 754 3146 gium'Spalatinurn
798 3074 869 3126 ato.
914 3066 965 3126 de
1004 3065 1302 3145 disputatione

370 3168 457 3212 sua⁴

432 3231 608 3294 Eiusdem
636 3251 750 3312 super
772 3231 976 3292 Tredeoim
999 3212 1293 3311 Propbsitioni-

371 3313 447 3374 bus
468 3316 623 3395 Lipsiae
645 3315 861 3395 disputatis
884 3314 1186 3397 llesolutiones.¹

431 3399 523 3459 Tituli
546 3401 668 3484 pagina·
682 3399 756 3458 nihil
779 3401 919 3485 modoet
938 3405 1060 3478 praeter
1080 3398 1160 3457 barro
1181 3396 1289 3456 inseri·

405 3584 436 3650 *l
457 3587 636 3642 inveniuntur
655 3588 725 3638 duae
745 3586 881 3639 editiones
900 3585 1137 3653 liuiusspistolse‚
1156 3585 1199 3634 oui
1219 3596 1289 3636 non

369 3657 480 3711 addim
498 3667 563 3711 suat
582 3661 777 3712 desolationes
806 3673 889 3728 super
914 3659 1153 3726 propositionibus
1183 3656 1291 3723 lipsiae

369 3731 524 3799 disputatis,
555 3748 672 3800 quarum
685 3727 779 3784 altera
796 3731 872 3784 buno
889 3730 998 3782 timiam
1018 3730 1118 3782 habat:

441 3803 696 3860 Resolutiones
724 3803 971 3868 Luthsrianae
997 3817 1107 3869 super
1134 3801 1293 3869 proposi·

369 3877 529 3928 tionibus
549 3878 632 3928 suis
650 3872 792 3944 Lipsiae
812 3875 1020 3942 disputatis,
1040 3872 1292 3943 2quatern.sor1o.

368 3955 467 4014 quart,
489 3948 577 3999 altera
601 3949 640 3998 sio
659 3945 834 4000 inscribitur:
1077 3947 1081 3953 “

438 4017 615 4078 iiletolutttnet
641 4016 787 4084 lutbertum
813 4018 885 4082 lubet
904 4013 1131 4082 tironotitiouitut
1160 4012 1215 4081 tuit
1236 4009 1292 4078 litu

367 4089 566 4159 liebitputotla.
587 4091 604 4144 2
623 4097 761 4158 quartem.
782 4091 864 4144 utrm.
878 4094 972 4165 wquart.
1242 4102 1246 4110 ·
