3075 4775
558 568 577 605 a
591 552 714 607 Ῑιοιιιιιιι
732 508 872 623 οιιοιιιιι.Ι
1117 551 1182 653 1149

257 744 287 799 et
306 738 375 819 plus
396 738 565 819 prodesset
585 739 648 813 eis,
685 740 712 799 si
733 740 765 799 in
789 740 898 819 poenis
922 740 1090 835 purgatorii
1109 742 1178 839 psr'-

256 822 400 883 durarent
420 828 552 919 propter
572 823 696 883 maioris
718 824 837 903 gratiae
849 823 1070 900 accessionem,
1092 826 1180 886 sicuti

256 906 366 965 alicubi
396 906 519 985 scripsit
547 907 734 967 reverendus
764 906 871 984 Pater,
909 907 1041 967 animam
1071 908 1179 971 clicuit

256 988 410 1085 suffragiis
431 988 592 1050 liberatam
614 990 714 1049 minus
737 988 830 1068 beari,
854 1008 945 1069 quam
964 990 993 1049 si
1015 1008 1072 1069 per
1093 1011 1127 1051 se
1148 993 1177 1051 iu
1249 1034 1257 1051 ,

255 1066 435 1153 purgatorio
452 1073 527 1133 satis
541 1092 583 1151 pa
583 1078 707 1134 t.eretur
730 1071 821 1148 Quod
835 1084 881 1133 est
903 1091 964 1133 non
983 1073 1081 1133 solum
1107 1094 1178 1135 oon-

255 1160 301 1217 ιιι
318 1174 442 1216 sacram
465 1155 673 1235 scripturam:
696 1155 811 1217 Sancta
832 1174 906 1238 ergo
931 1162 961 1215 et
975 1156 1104 1217 salubris
1127 1177 1177 1217 co-

253 1240 364 1319 gitatio
387 1245 457 1313 etc,
480 1238 535 1299 sed
557 1245 590 1299 et
610 1246 719 1300 contra
730 1240 960 1301 observantiam
978 1247 1008 1299 et
1030 1242 1177 1318 pietatem

253 1324 348 1384 totius
370 1322 543 1398 ecclesiae,
576 1331 667 1400 quam
692 1324 819 1383 mortuis
847 1324 994 1401 impartiri
1018 1322 1175 1399 debemus,

254 1413 287 1465 ut
305 1406 342 1465 B.
365 1405 557 1485 Augustinus
590 1405 794 1484 pulcherrime
829 1404 907 1466 libro
942 1405 979 1465 de
1014 1424 1086 1466 cura
1119 1426 1175 1487 pro

254 1490 385 1549 mortuis
409 1488 540 1566 agenda,
563 1494 594 1548 et
615 1487 666 1552 lib.
687 1488 786 1549 Ench.
810 1488 964 1568 explanat.

335 1571 386 1631 Ad
415 1571 640 1632 Damasoeuum
668 1591 761 1651 porro
792 1572 971 1651 respondit,
1010 1592 1078 1631 eum
1115 1592 1176 1634 uon

252 1655 340 1735 loqui
364 1654 404 1715 de
427 1656 614 1735 purgatorio,
640 1657 785 1734 quoniam
804 1656 1011 1735 sicperpetuo
1035 1653 1178 1715 durarent

252 1739 281 1798 in
305 1740 496 1819 purgatorio.
519 1737 631 1817 Etego
655 1740 767 1812 sentio,
783 1739 1095 1815 neoDamascenum,
1118 1758 1177 1800 nec

252 1821 329 1882 alias
343 1823 525 1882 autoritates
537 1840 648 1881 sonare
671 1822 710 1881 de
730 1822 919 1901 purgatorio,
943 1823 1087 1900 quoniam
1101 1822 1175 1882 aiio·

252 1906 323 1983 quin
347 1904 422 1965 mihi
445 1904 600 1982 obessent,
623 1911 655 1964 et
666 1905 702 1965 D.
714 1905 795 1965 Patri
819 1904 1011 1984 prodessent.
1041 1904 1084 1963 At
1106 1923 1174 1965 cum

252 1986 290 2047 de
311 1990 470 2069 praesenti
493 1988 658 2065 loquantur
679 1990 762 2064 vita,
793 1990 824 2047 in
856 2006 916 2067 qua
938 1988 1098 2047 terminum
1121 2007 1174 2067 po*

251 2078 327 2131 nant
359 2070 561 2131 merendit
530 2076 561 2130 ct
592 2071 789 2147 demerendi,
830 2089 892 2132 non
925 2076 1029 2150 potest
1056 2072 1172 2152 porrigi

249 2159 370 2235 ternpus
395 2152 531 2214 merendi
543 2152 633 2214 ultra
653 2156 814 2214 terminum
843 2155 990 2214 constitut
977 2160 1065 2251 tum,
1095 2155 1173 2214 scili-

250 2244 297 2297 cet
318 2244 461 2297 mortem.
484 2236 660 2311 Quarenon
682 2237 909 2317 aliamaccipio
932 2238 1175 2335 expositionem,
1213 2310 1219 2319 ,
1329 2278 1332 2297 .

251 2339 344 2399 quam
364 2313 503 2381 auctor'
495 2340 562 2400 ipse
586 2320 668 2398 velit,
690 2322 741 2401 qui
764 2318 804 2380 de
826 2322 956 2381 termino
980 2320 1150 2381 merendi
1142 2340 1172 2381 ιιι

251 2405 320 2465 loco
343 2403 481 2484 allegato
503 2404 648 2483 loquitur.

329 2487 379 2548 Ita
400 2494 432 2547 et
453 2487 492 2547 de
514 2488 580 2547 aliis
597 2487 700 2548 dicere
721 2507 857 2566 possum,
881 2506 982 2566 aeque
1005 2487 1096 2558 simili
1120 2487 1173 2548 ob·

248 2571 423 2650 iurgatione
444 2572 594 2649 increpari
617 2578 762 2651 possum,
798 2571 877 2630 sicut
906 2570 1092 2630 reverendus
1116 2571 1172 2631 Pa·
1227 2586 1249 2631 's

249 2661 302 2731 ter,
324 2653 409 2733 quod
431 2655 595 2714 autoritate
617 2653 645 2714 S.
670 2654 793 2714 Petrum
817 2661 853 2713 et,
868 2673 974 2714 sacrae
997 2653 1171 2732 Scripturae
1195 2723 1200 2730 .

250 2755 369 2797 cursum
408 2743 441 2796 et
467 2737 603 2796 merendi
638 2739 799 2797 terminum
827 2756 895 2796 eum
927 2743 1026 2797 morte
1058 2735 1172 2798 tiniam.

249 2820 317 2899 lpse
344 2826 449 2881 autem
478 2818 562 2880 nulla
586 2819 708 2880 fulcitus
730 2838 837 2880 sacrae
856 2819 1030 2899 Scripturas
1059 2821 1171 2879 autori·
1265 2883 1284 2900 y„

251 2910 312 2965 tate
347 2903 393 2963 eis
416 2904 576 2963 terminum
599 2904 782 2983 ponigitet
802 2910 961 2983 prorogat,
984 2909 1058 2962 cont
1059 2921 1092 2961 ra
1045 2902 1174 2962 tAu-
1232 2919 1238 2929 ’

250 2987 403 3066 guatinum
426 2993 458 3046 et
479 2993 587 3047 contra
608 2985 845 3065 Hieronymum,
875 2986 1013 3064 quamvis
1037 3004 1111 3045 suae
1134 2985 1174 3044 sit

252 3069 431 3153 modestiae,
453 3076 486 3129 ut
507 3068 682 3133 hancdioat
703 3070 887 3130 sententiam
902 3089 988 3129 sustu
1002 3088 1080 3130 asse
1103 3069 1170 3148 opi-

251 3141 385 3230 uic'nem,
406 3152 499 3212 sedt
486 3159 559 3212 tuac
580 3171 641 3213 noa
666 3150 772 3212 debuit
794 3154 970 3232 oppositum
989 3159 1102 3213 vocare
1124 3171 1169 3212 er·

255 3255 366 3297 rorem.

328 3319 377 3378 De
398 3318 564 3379 autoritate
584 3318 709 3378 Hieron.
740 3323 870 3377 conatus
901 3324 949 3380 est
976 3337 1042 3376 earn
1058 3318 1095 3378 ιιι
1120 3339 1170 3378 me

252 3408 438 3486 retorquere,
460 3419 518 3460 nec
539 3401 617 3477 Noe,
641 3419 699 3460 aec
718 3399 789 3476 Job,
812 3399 988 3462 necDaniel
1011 3407 1092 3462 sture
1115 3421 1171 3480 pro

251 3503 403 3563 quoquam
426 3491 498 3564 post
511 3476 660 3553 mortem,
683 3485 754 3562 quia
776 3447 816 3545 ibi
839 3484 878 3543 de
900 3491 1038 3545 extremo
1062 3483 1168 3581 loqua

251 3577 295 3626 tur
314 3565 454 3644 iudicio,
488 3567 570 3645 quod
600 3576 702 3627 tamen
733 3587 773 3626 ex
803 3557 891 3626 litera
919 3586 981 3626 non
1006 3565 1171 3628 convincit.

250 3649 316 3710 Non
353 3651 454 3711 solum
489 3651 570 3710 enim
591 3652 621 3710 in
645 3657 785 3712 extremo
814 3633 947 3718 iudicio
980 3650 1035 3710 sed
1065 3651 1169 3711 statim

253 3734 342 3794 etiam
358 3741 431 3812 post
443 3719 574 3809 moriani
593 3734 803 3812 unusquisque
826 3751 903 3792 onus
919 3753 1005 3793 suum
1027 3733 1171 3813 portabit.

331 3817 495 3878 Postremo
523 3816 571 3876 ad
591 3817 681 3876 aliam
710 3815 863 3876 accedens
889 3816 1085 3895 particulam,
1126 3835 1171 3876 re·

253 3899 377 3978 spondit
396 3898 438 3960 ad
459 3899 535 3960 iliud
548 3900 660 3979 Apoo,
684 3899 767 3978 quod
789 3917 847 3978 per
868 3899 924 3960 sub
946 3906 1057 3960 terram
1081 3898 1170 3958 intel·

252 3981 362 4062 ligutur
381 3983 529 4044 infernus.
572 3983 614 4044 At
635 3990 708 4043 tunc
728 3999 861 4061 sequens
883 3983 922 4044 de
945 3983 1065 4042 cantico
1088 3986 1169 4040 stare

253 4067 375 4150 nequit,
387 4067 461 4148 qaia
482 4065 650 4130 daemones
672 4072 704 4129 et
724 4065 862 4128 damnati
884 4068 1092 4141 concutiant,
1113 4060 1175 4123 sad.
