3075 4775
443 582 449 592 ,
564 550 583 586 s
598 534 721 591 riparii·
739 530 865 605 excepta
1125 534 1188 619 Q

337 720 385 787 lta
414 719 588 800 captiosum
621 727 670 785 est
697 726 729 783 et
749 721 939 804 simplicibus
961 721 1076 801 illudit,
1105 722 1189 807 quod

159 839 160 844 ι
259 804 293 869 Β.
314 802 648 885 aragoniensium
669 825 703 866 se
725 806 959 871 oecumenicum
982 812 1013 870 et
1033 806 1188 878 universa

261 890 319 951 lem
340 892 505 967 pastorem
533 888 710 969 appellare,
743 909 813 951 uam
835 888 987 951 Plotinam
1019 890 1096 953 tanti
1116 886 1190 953 iecit

260 970 368 1052 pridie,
393 969 553 1046 historiae,
575 978 609 1031 ut
630 970 761 1052 dicebat,
783 978 906 1034 secutus
927 973 1097 1041 veritatem.
1120 972 1188 1057 Jam

260 1054 415 1118 Plotinam
438 1072 494 1133 pro
517 1072 574 1117 suo
597 1054 722 1127 arbitrio
744 1054 863 1135 reiicit,
888 1055 1105 1135 quoduhique
1127 1058 1189 1117 exi-

261 1140 368 1200 stimat
393 1131 452 1197 sihi
471 1133 575 1197 licere.
1248 1196 1252 1205 .

343 1220 511 1283 Decretum
534 1218 649 1299 allegat
670 1241 726 1301 pro
748 1240 799 1297 se,
828 1223 853 1282 si
875 1221 1041 1301 allegetur,
1063 1223 1189 1303 respuit,

262 1311 292 1381 et
310 1303 386 1365 dum
409 1307 512 1363 textus
543 1304 754 1383 apertissimos
784 1304 878 1367 etiam
897 1302 1010 1387 Leonis
1037 1322 1121 1369 can:
1144 1304 1190 1378 lta

261 1388 412 1449 Dominus
428 1387 477 1451 to.
500 1385 568 1447 dist.
592 1406 660 1447 cum
675 1387 833 1449 ¹similibus
855 1387 970 1450 habeat
990 1388 1048 1451 sibi
1069 1395 1189 1463 contra·

261 1472 334 1549 rios,
354 1469 493 1550 glossam
515 1475 667 1549 acceptat,
689 1468 1060 1551 sicutprooiPenelopes,
1081 1478 1114 1536 ut
1135 1492 1191 1553 per

261 1555 364 1615 iocum
386 1551 501 1625 dicam,
523 1571 592 1613 oum
601 1552 739 1619 Domina
758 1556 853 1636 potiri
875 1573 938 1617 uon
960 1561 1114 1637 poterant,
1137 1575 1190 1628 an-

263 1636 349 1697 cillas
360 1635 577 1714 sequebantur.
601 1635 723 1700 Certum
748 1643 804 1712 est,
827 1643 952 1702 sanctos
967 1635 1093 1721 quoque
1106 1629 1190 1705 P'o'n'-
1231 1688 1234 1697 ,

262 1718 359 1781 titices
382 1719 542 1798 scripsisse
563 1738 597 1779 se
619 1721 811 1781 universales
827 1722 1003 1801 episcopos,
1027 1728 1060 1782 ut
1074 1720 1190 1800 Sixtus,

263 1810 294 1864 ut
315 1802 436 1875 Victor,
457 1809 490 1862 et
509 1809 541 1862 ut
560 1804 591 1863 in
608 1801 857 1865 chalcedonensi
879 1804 1013 1866 concilio
1036 1804 1188 1885 acclama-

262 1893 325 1948 tum
345 1885 404 1945 fuit
423 1884 542 1946 Leoni:
565 1885 659 1947 Vivat
677 1884 742 1947 Leo
768 1888 991 1953 sanctissimus,
1012 1890 1188 1961 oecumeni-

262 1988 314 2031 cus
335 1967 522 2030 Patriaroha.
564 1966 711 2045 Quamvis
731 1970 913 2032 humilitatis
946 1976 977 2034 et
999 1970 1110 2039 Christi
1131 1972 1189 2041 ¹tor·-

262 2071 343 2115 marn
364 2048 531 2129 sequehtes
552 2050 719 2115 Pontifices
745 2052 784 2114 ab
813 2072 851 2115 eo
874 2054 1001 2115 nomine
1035 2052 1093 2135 sihi
1115 2060 1189 2119 tem·

262 2128 438 2215 pararunt,
462 2134 570 2195 melius
595 2154 630 2195 se
651 2155 759 2199 servos
782 2156 941 2199 servorum
964 2137 1105 2212 fatentes,
1150 2136 1191 2199 nt

262 2238 300 2281 ne
322 2214 521 2296 crederentur
542 2217 684 2300 vallese
716 2219 826 2298 tollere
848 2220 1067 2302 episcoporum
1105 2230 1190 2291 auto·
1253 2215 1255 2220 ’

262 2302 402 2379 ritatem,
422 2305 457 2361 ut
478 2299 591 2362 dudum
614 2301 654 2363 ad
676 2302 731 2363 illa
750 2302 911 2383 respondit
925 2300 955 2367 S.
978 2300 1114 2369 Thomas
1137 2302 1190 2368 lih.

267 2384 306 2446 de
327 2384 567 2464 impugnatione
588 2382 669 2448 fidei.
955 2449 959 2458 ,
1149 2382 1171 2458 J

226 2498 236 2526 ι
346 2467 395 2528 De
415 2467 558 2548 Epistola
578 2468 742 2550 Augustini
768 2469 842 2532 iacit
871 2469 959 2530 vohis
982 2470 1115 2542 dominis
1138 2471 1188 2532 au·
1285 2471 1288 2476 ’

264 2550 413 2612 ditoribus
435 2552 614 2631 negotium,
644 2561 679 2614 ut
698 2553 797 2615 verba
815 2552 949 2634 legatis,
972 2553 1067 2620 verba
1089 2552 1194 2616 audita

265 2635 365 2697 tuere}
393 2632 592 2697 Innocentius
620 2642 693 2702 aute
716 2627 841 2698 centum
859 2641 895 2700 ,et
917 2633 1001 2699 mille
1023 2655 1123 2714 annos
1150 2635 1192 2696 di-

265 2718 309 2777 xit
330 2735 400 2779 ense
422 2726 561 2778 veterum
583 2737 669 2780 more
696 2717 922 2780 consulendum
943 2717 1125 2780 Pontificem
1160 2720 1191 2781 in

266 2801 313 2878 iis,
335 2818 417 2879 quse
438 2806 511 2860 sunt
531 2797 613 2862 fidei.
648 2802 694 2869 lta
723 2800 971 2864 dictumcontra
991 2801 1191 2880 Manichacus

267 2883 364 2944 voluit
375 2881 563 2958 reverendus
572 2883 661 2945 Pater
675 2884 901 2964 transplantare
912 2885 943 2944 in
958 2883 1081 2962 hortum
1093 2903 1193 2949 suum·
1245 2904 1247 2916 ·

269 2965 308 3027 At
327 2966 391 3026 hoc
411 2985 475 3041 uon
496 2965 607 3045 faciet,
628 2969 655 3026 si
676 2967 840 3046 epistolam
861 2966 1140 3050 Augustinifllegat,
1162 2967 1194 3026 in

159 3116 160 3121 η
269 3067 328 3128 qua
350 3067 414 3109 non
438 3049 552 3110 seriem.
572 3051 779 3112 universitatis
802 3051 1032 3130 episcoporum,
1056 3048 1118 3134 sed¹
1132 3049 1194 3120 Ro-

270 3151 430 3194 manorum
441 3129 624 3209 Pontificum
647 3139 807 3210 enumerat
829 3133 867 3195 ab
891 3135 959 3216 ipso
982 3131 1074 3198 Petro
1097 3135 1194 3212 usque

270 3214 307 3274 od
328 3222 392 3277 tem
416 3233 472 3276 ora
494 3234 559 3278 sua.
633 3275 642 3284 ,
909 3277 912 3286 ,
1037 3281 1040 3291 ,

316 3348 318 3351 .
349 3235 544 3360 Soiutionem
566 3316 622 3377 per
644 3317 693 3358 me
715 3294 818 3360 datam
842 3298 881 3359 de
902 3299 1010 3379 viginti
1038 3299 1125 3360 annis
1143 3284 1191 3384 di·

270 3381 310 3441 cit
328 3400 386 3461 per
408 3398 457 3441 me
479 3399 542 3444 non
556 3379 729 3460 probatem,
752 3387 859 3442 acutus
883 3383 931 3442 est
953 3380 1125 3462 disputator
1147 3403 1191 3444 re·

270 3463 421 3525 verendus
442 3463 554 3540 Pater,
581 3463 642 3523 hoc
664 3461 802 3524 nondum
834 3465 910 3525 scivi
932 3462 1045 3527 dehere
1067 3485 1194 3546 respon-

270 3545 394 3608 dentem
423 3545 555 3626 prohare
585 3565 673 3606 suam
694 3545 898 3626 solutionem,
921 3566 1042 3629 semper
1063 3549 1192 3613 arbitra-

269 3633 316 3691 tus
344 3649 436 3708 sum,
465 3622 705 3710 respondentem
740 3629 851 3692 offerre
876 3630 1062 3694 solutionem
1095 3651 1194 3713 oppo-
1283 3623 1292 3647 ¹

158 3778 164 3807 ,
270 3713 355 3778 nenti
377 3711 624 3792 improbandam.
659 3711 781 3773 Debilis
798 3713 854 3780 fuit
874 3713 1023 3776 Hercules
1045 3734 1137 3798 suus,
1154 3716 1194 3787 ,si

271 3795 374 3856 alieno
396 3793 494 3855 Marte
514 3796 628 3855 nititur.
739 3857 748 3861 ,

159 3890 160 3903 ’
353 3876 446 3954 Quod
468 3897 542 3939 vero
564 3876 788 3939 tants‘taborat
809 3877 1008 3959 impudentia,
1031 3884 1064 3938 ut
1084 3877 1197 3939 audeat

269 3959 484 4024 thuanaeimh
503 3961 782 4042 dominationibus,
813 3968 844 4023 et
864 3961 1042 4024 reverendis
1063 3961 1194 4040 paterni-

271 4044 384 4109 tantus
408 4044 515 4128 restris
535 4062 719 4127 suggerere,
742 4046 834 4126 ,quasi
861 4045 992 4128 primum
1023 4049 1126 4122 caput
1141 4041 1195 4102 Jo-
