3075 4775
354 517 433 591 x176
481 458 492 475 ⁴
590 524 746 595 Disputstlo
762 522 872 595 lepore
886 525 980 582 Νῆα
998 542 1024 579 u.
1043 524 1104 579 m

369 729 465 791 seepe
484 710 609 771 invenio
629 710 791 791 pestutum
808 728 864 791 pro
875 728 978 791 poene
988 700 1098 791 eooipi,
1119 710 1178 773 nisi
1201 708 1297 791 forte,

371 794 422 855 ubi
445 792 484 855 de
506 792 627 855 Christo
648 793 789 855 scribitur
811 792 865 875 *):
904 791 996 869 Quod
1028 805 1159 874 peooste
1180 802 1298 857 nostre

370 878 437 957 ipse
457 877 606 957 porterit,
627 876 710 957 quod
732 883 836 939 tomen
858 884 890 937 et
910 877 1009 956 ipsum
1033 895 1097 939 non
1119 878 1219 939 susim
1244 877 1299 939 di-

370 977 441 1021 eere
465 959 645 1041 simpliciter
672 978 731 1041 pro
758 978 862 1040 poene
889 960 997 1040 soeipi.
1039 958 1101 1024 Sed
1132 960 1212 1024 beee
1241 980 1299 1023 ex·

373 1048 492 1107 tranen
769 1046 774 1053 ’

451 1124 669 1187 confutaturus
696 1124 789 1204 illud,
818 1124 902 1205 quod
934 1118 1040 1187 venies
1062 1125 1125 1187 dixi
1153 1145 1226 1189 esse
1252 1128 1300 1187 vi*

370 1210 444 1271 tium
466 1209 586 1289 operis,
620 1207 694 1270 dioit
719 1227 790 1270 esse
816 1206 1101 1271 subordinationem
1129 1206 1237 1270 linium
1264 1212 1299 1271 in

371 1292 534 1373 operibus,
561 1290 633 1353 ideo
655 1290 682 1351 si
704 1292 813 1353 venies
829 1290 999 1353 reserentur
1028 1293 1058 1353 in
1080 1292 1199 1370 Deum,
1227 1312 1297 1355 non

370 1374 477 1437 vident
506 1394 592 1455 opus.
634 1372 841 1455 Respondeo:
874 1374 920 1435 De
948 1374 1124 1455 exemplum
1160 1373 1294 1437 demon-

294 1505 298 1524 ,
370 1457 495 1519 strendi.
522 1458 594 1517 Dixi
616 1458 698 1519 enirn
719 1457 911 1519 hodiemros
932 1458 1072 1535 inveniri,
1094 1459 1146 1539 qui
1168 1466 1294 1521 tentum

370 1540 480 1603 durent
498 1542 593 1621 gratis
615 1550 649 1603 et
669 1549 795 1621 propter
816 1540 933 1621 Deum,
960 1547 1107 1621 quantum
1135 1541 1211 1603 dent
1234 1562 1297 1623 pro

274 1701 279 1711 .
370 1623 585 1704 indulgentiis3
606 1643 646 1685 ex
666 1622 813 1685 fruetibus
835 1642 910 1705 ergo
930 1626 1126 1705 eognoseetis
1137 1644 1206 1705 eos,
1227 1626 1297 1687 imo

369 1709 396 1768 si
416 1705 545 1767 audient
566 1706 674 1768 melius
697 1727 731 1769 se
753 1706 990 1787 posseisdem,
1023 1726 1114 1786 quem
1136 1707 1299 1771 redimere

371 1789 586 1871 indulgentius,
609 1789 769 1871 probabile
792 1796 848 1869 est,
870 1789 970 1851 nullss
992 1808 1062 1851 esse
1076 1790 1294 1873 redempturos

318 1909 321 1915 ν
364 1873 588 1955 indulgentias.

451 1956 499 2017 De
530 1961 708 2036 contemptu
740 1954 999 2036 indulgentiarum
1032 1955 1119 2019 dieit:
1134 2014 1138 2022 ,
1152 1954 1185 2017 Si
1224 1956 1298 2017 suis-

371 2059 436 2101 sem
481 2059 553 2099 usus
594 2038 657 2100 boo
699 2038 926 2118 moderamine,
969 2039 1111 2100 stundum
1151 2045 1238 2100 esset
1263 2038 1294 2119 1)

371 2124 436 2184 eius
459 2121 672 2182 deolorutioni.
715 2122 829 2183 Verum
854 2121 986 2202 vulgetis
1008 2120 1227 2183 sermooliem
1250 2123 1296 2183 in·

370 2204 453 2267 diest
472 2205 557 2266 lsiois
578 2204 824 2285 intelligentiam.
865 2204 1069 2285 Respondeo:
1092 2204 1206 2267 Videat
1228 2204 1297 2265 dili·

370 2289 493 2370 gentius
516 2287 647 2349 eundem
668 2307 839 2349 sermonem
862 2289 1003 2369 egregius
1026 2288 1063 2351 D.
1087 2288 1123 2352 D.
1153 2294 1186 2349 et
1207 2288 1299 2352 inve-

333 2395 336 2400 *
373 2372 445 2452 niet,
469 2391 518 2432 me
538 2371 693 2452 expressis
706 2370 805 2434 verbis
828 2371 952 2451 dixisse,
974 2391 1037 2434 non
1057 2391 1128 2434 esse
1150 2378 1294 2434 oontem-

372 2455 489 2517 nendns
511 2454 728 2536 indulgentius,
749 2454 804 2516 sed
820 2455 1036 2535 relinquendos
1050 2455 1172 2536 liberes,
1186 2457 1295 2518 nemi·

280 2548 290 2559 ⁸
372 2559 444 2600 nem
466 2558 535 2600 esse
557 2537 912 2623 absterrendum,·sieut
933 2540 1086 2601 neminem
1109 2537 1297 2620 urgendum,

372 2641 442 2684 esse
466 2621 615 2683 videlieet
642 2622 800 2703 pigrorum
828 2622 951 2684 soletis.
994 2620 1097 2698 Quare
1125 2623 1193 2683 sine
1226 2642 1297 2696 mee

374 2705 465 2786 eulpa
485 2705 567 2766 hone
590 2704 831 2767 deelsrotionem
859 2711 891 2768 et
911 2705 986 2768 setis
1008 2705 1202 2768 moderatum
1225 2725 1295 2768 sen·

377 2788 504 2852 tentiam
526 2807 589 2853 uon
609 2787 793 2869 intelligunt.

456 2871 593 2934 Trenseo
615 2869 691 2933 illud
711 2869 910 2952 deGersone‚
932 2870 983 2934 ubi
1004 2869 1097 2934 dioit:
1115 2869 1210 2932 Aliud
1226 2891 1297 2934 esse

374 2955 553 3018 setisfeee're
573 2955 606 3016 io
626 2956 777 3035 peccetis,
809 2962 842 3016 et
860 2953 1011 3016 redimere
1031 2953 1243 3036 indulgentias
1265 2957 1296 3016 in

373 3039 524 3120 pereatis:
547 3039 620 3121 quia
639 3039 672 3098 iu
692 3039 729 3099 iis
752 3038 963 3103 obstntlormo
975 3039 1195 3117 eoncessionis,
1214 3057 1298 3118 quse

376 3123 477 3184 solum
500 3121 650 3186 oonlessis
677 3131 709 3183 et
735 3122 873 3184 oontritis
923 3122 1048 3184 ermittit
1074 3120 1299 3202 indulgentius,

375 3205 438 3266 illio
459 3224 533 3267 vero
565 3206 684 3285 etipse
709 3204 869 3268 Johsnnes
890 3142 1012 3268 demon
1036 3223 1140 3266 seeum
1169 3206 1296 3268 sentiet.

374 3288 466 3350 Dioo:
488 3286 703 3369 [delinquendo
726 3288 788 3350 hoo
809 3295 953 3370 tanquam
975 3294 1065 3350 extre
1087 3289 1295 3368 eopeoitetem

375 3370 550 3433 intelleotus
573 3372 652 3451 mei,
684 3392 757 3434 vere
792 3374 874 3434 enim
895 3391 959 3434 non
990 3373 1098 3452 capio,
1131 3371 1295 3451 quomodo

375 3461 521 3534 peoeetor
531 3456 630 3535 possit
651 3455 830 3518 satisfecere
850 3457 881 3518 in
903 3451 1038 3536 peoostis
1060 3462 1091 3518 et
1112 3473 1175 3516 non
1200 3453 1296 3516 etiem

290 3611 300 3618 .
374 3539 474 3618 possit
493 3540 797 3619 recipereliosntism
813 3560 876 3602 nou
898 3538 1116 3617 setisfsoisndi,
1139 3555 1209 3600 eum
1224 3538 1295 3618 plus

375 3620 515 3717 rideatur
535 3623 648 3700 requiri
670 3621 710 3684 nd
730 3642 857 3704 operum
880 3621 1116 3705 perlectionem,
1138 3639 1233 3701 quem
1256 3619 1295 3681 sd

366 3722 585 3766 omissionem.

411 3972 444 4041 1)
465 3972 496 4024 lu
514 3971 558 4026 so.
580 3974 671 4042 nup:
699 3981 751 4028 est

412 4049 444 4111 ·)
463 4044 538 4098 no.
551 4043 602 4098 os.
