3075 4775
501 569 573 626 xnt.
594 570 628 626 de
647 576 784 640 potestate
802 570 904 641 Papae.
1077 548 1087 571 ⁹
1118 572 1183 639 373
1252 575 1254 599 ¹

339 754 508 837 Gregorius
530 757 551 819 l.
575 757 627 818 lib.
651 758 678 821 4.
703 758 855 841 Registrc.
900 760 1048 840 Epistola.
1075 764 1125 826 32.
1146 762 1188 823 lie

152 885 153 890 1
257 845 309 899 cet
328 858 384 918 per
405 842 585 902 autoritates
607 840 697 901 illas:
726 842 822 903 Pasce
845 863 920 905 oves
943 863 1038 919 meas,
1062 850 1107 906 ct:
1136 846 1183 906 Tu

256 942 290 982 es
321 923 429 1004 Petrus
460 931 516 985 etc.
558 924 649 984 Petro
686 926 897 1005 apostolorum
931 928 1059 1007 principi
1089 930 1183 989 totius

256 1006 408 1067 eccledae
431 1026 534 1070 curam
557 1008 721 1068 aDomino
744 1010 940 1069 commissam
965 1010 1055 1085 dicat,
1079 1020 1181 1072 tamen

256 1090 286 1147 in
320 1088 380 1148 hac
408 1109 481 1151 cura
501 1091 618 1151 nullum
640 1092 819 1172 episcopum
850 1094 877 1152 ei
899 1112 1109 1155 successorem
1131 1114 1182 1175 pa·
1249 1106 1254 1120 “

256 1173 338 1234 titur.
382 1172 442 1233 Sed
475 1193 533 1234 nec
554 1174 676 1233 Petrum
706 1172 879 1254 apostolum
905 1177 1109 1237 universalem
1131 1198 1182 1257 ap-

257 1254 365 1333 pellari
386 1255 476 1333 dicit,
507 1256 643 1318 scribens
673 1258 716 1317 ita
737 1258 885 1324 Mauricio
908 1260 1048 1341 Augusto
1075 1260 1115 1321 de
1137 1260 1181 1321 lo·

256 1338 358 1398 banne
397 1338 758 1421 Constantinopolitano:
792 1341 873 1402 Oura
906 1344 998 1403 totins
1031 1345 1183 1404 ecclesiae

152 1458 153 1480 1
257 1429 289 1481 et
310 1423 499 1502 principatus
521 1425 611 1484 Petro
635 1425 851 1501 committitur,
887 1434 918 1486 et
939 1433 1040 1486 tamen
1064 1428 1182 1487 univer·

257 1505 331 1563 salis
351 1506 512 1583 apostolus
545 1527 608 1567 nou
638 1514 774 1569 vocatur.
820 1508 858 1568 Et
886 1510 931 1569 vir
960 1511 1187 1586 sanctissimus,¹
1203 1514 1226 1559 N

258 1588 466 1650 consacerdos
488 1608 590 1668 mens,
614 1591 719 1649 vocari
743 1592 922 1652 universalis
946 1594 1110 1673 episcopus
1133 1612 1182 1653 co-

257 1678 355 1731 natur.
400 1671 583 1734 Exclamare
605 1673 792 1753 compellor,
816 1694 835 1735 o
858 1682 1007 1755 tempora,
1030 1695 1047 1737 o
1072 1695 1182 1739 mores.

256 1753 296 1813 Et
317 1754 410 1814 infra:
441 1755 474 1815 Si
496 1776 609 1817 nomen
638 1756 712 1816 illud
734 1758 765 1815 in
789 1758 923 1818 ecclesia
944 1757 1001 1818 sibi
1023 1760 1181 1839 quisquam

257 1837 377 1916 arripit:
403 1840 547 1899 universa
569 1859 643 1919 ergo
666 1840 799 1900 ecclesia
822 1841 923 1919 (quod
946 1841 1039 1909 absit)
1063 1862 1082 1901 a
1102 1848 1182 1902 statu

152 1929 153 1935 ’
257 1939 314 1980 suo
337 1924 468 1997 corruit,
499 1924 623 2001 quando
646 1924 687 1998 is,
722 1924 773 2002 qui
796 1923 969 2003 appellatur
992 1925 1182 2000 universalis,

257 2002 348 2063 cadit.
393 2003 454 2065 sed
483 2004 563 2066 absit
590 2026 609 2065 a
639 2005 781 2066 cordibus
804 2006 1046 2068 Christianorum
1068 2027 1182 2067 nomen

256 2086 336 2147 istud
361 2086 587 2167 blasphemiae,
616 2091 647 2148 in
669 2109 730 2168 quo
753 2091 890 2150 omniurn
914 2091 1106 2151 sacerdotum
1128 2090 1182 2151 hc·

257 2188 315 2229 nor
337 2170 489 2248 adimitur,
512 2172 582 2232 dnm
605 2173 644 2232 ab
667 2193 729 2233 uno
752 2174 809 2233 sibi
832 2173 991 2235 dementer
1013 2179 1182 2254 arrogatur.

339 2252 423 2313 Ecce
444 2254 550 2330 habes,
571 2255 654 2334 qnod
678 2256 889 2336 blasphemiae
911 2276 1025 2318 noman
1048 2260 1101 2335 sit,
1119 2258 1183 2317 uni-

257 2336 386 2397 versalia
408 2339 580 2418 episcopus.
625 2338 705 2414 Quid
728 2347 829 2420 putas,
855 2340 894 2401 ds
916 2342 1040 2403 nomine
1063 2342 1183 2422 summi,

152 2452 153 2475 t
256 2421 392 2496 maximi,
416 2424 599 2483 sanctissimi
621 2422 777 2483 dixisset?

341 2503 497 2582 Sequitur:
522 2505 612 2566 Certe
635 2526 690 2586 pro
713 2505 842 2568 B.Petri
870 2508 1081 2591 apostolorum
1104 2507 1183 2585 prin·

257 2587 333 2666 cipis
356 2587 485 2661 bonore,
501 2609 563 2668 per
583 2589 790 2650 venerandam
807 2589 1091 2650 Chalcedonensem
1114 2609 1184 2670 syn-

258 2671 542 2747 odum,-R0mano
576 2673 714 2752 pontifici
746 2672 883 2732 oblatum
907 2679 970 2748 est,
1005 2672 1059 2732 sed
1083 2671 1183 2732 nullus

257 2771 365 2814 eornm
404 2772 538 2833 unquam
573 2757 634 2816 boc
666 2756 884 2835 singularitatis
920 2755 1104 2816 vocabulum
1138 2771 1184 2813 as-

258 2836 405 2916 sumpsit,
444 2857 502 2897 uec
522 2841 566 2898 uti
588 2841 760 2915 consensit,
784 2858 839 2918 ns,
862 2837 934 2898 dum
958 2839 1107 2918 privatum
1130 2836 1184 2896 ali·

258 2919 330 2998 quid
353 2918 477 2980 daretur
497 2922 565 2997 uni,
592 2921 712 2981 honore
739 2920 844 2982 debito
873 2923 1064 3001 privarentur
1086 2939 1184 2998 sacer·
1291 2975 1294 2982 .

258 3003 348 3062 dotes
370 3003 512 3063 universi.

341 3085 538 3166 Perspicuum
561 3094 621 3165 est,
640 3086 722 3147 hunc
742 3087 943 3167 Gregorium,
967 3088 1017 3166 qui
1040 3104 1074 3145 se
1096 3103 1184 3144 cunc

258 3180 361 3230 torum
389 3169 581 3230 sacerdotum
616 3190 736 3231 servium
765 3172 868 3248 potius
898 3189 987 3248 quam
1019 3169 1184 3229 Dominum

219 3311 224 3319 ,
259 3256 369 3323 vocat,
391 3259 422 3312 et
443 3272 563 3314 servum
586 3273 743 3314 servorum
760 3254 839 3330 -Dei,
863 3272 924 3313 non
948 3252 1114 3312 credidisse
1137 3271 1185 3312 sn·

258 3336 321 3396 lum
348 3336 521 3396 Romanurn
552 3335 727 3416 pontificem
761 3337 842 3396 Petri
870 3354 1079 3396 successorem
1107 3353 1185 3410 esse,

260 3426 293 3477 ut
321 3420 372 3497 qui
395 3418 560 3479 abhorreat
587 3421 729 3499 princeps
751 3419 945 3480 sacerdotum
973 3425 1003 3478 et
1025 3419 1185 3498 episcopo-

259 3519 324 3561 rum
347 3501 421 3575 dici,
443 3521 511 3562 cunr
535 3502 620 3562 illum
643 3504 812 3582 principem
836 3502 1046 3581 apostolorum
1071 3501 1161 3564 dicat.

341 3583 426 3644 Idem
449 3587 479 3645 in
503 3587 644 3663 seqnenti
667 3585 801 3665 epistola
822 3585 859 3644 ad
878 3585 1089 3646 Constantiam
1113 3605 1184 3645 eun·

260 3668 329 3735 dem
365 3667 532 3729 Iohannem
567 3669 705 3729 Lucifero
739 3675 913 3746 comparat,
948 3667 1071 3730 diceus:
1108 3667 1187 3742 Quia

259 3751 344 3812 illum
367 3750 512 3811 videlicet
533 3753 685 3827 imitatur,
721 3752 773 3830 qui
804 3753 913 3830 spretis
943 3751 1050 3812 sociali
1073 3750 1185 3832 gaudio

259 3834 440 3914 angelorum
463 3835 636 3914 legionibus
659 3835 699 3895 ad
722 3834 841 3894 culmen
866 3841 994 3894 conatus
1020 3841 1067 3894 est
1085 3835 1184 3912 singu-

260 3918 388 3978 laritatis
410 3936 579 3997 erumpere.
663 3934 666 3945 ·

345 3999 431 4062 Idam
453 4001 596 4080 Epistola
616 4003 666 4065 36.
695 4000 735 4062 ad
755 4000 920 4081 Eulogium
943 3997 1185 4060 Alexandrinum

261 4093 292 4148 et
312 4084 511 4148 canosum
532 4083 761 4148 Antiochenam
787 4085 966 4166 episcopos:
995 4081 1079 4143 Sicut
1100 4079 1187 4142 novit
