3075 4775
375 548 421 622 92
573 545 730 626 Disputatio
749 557 858 624 Lipsiae
875 555 972 609 hahita
992 572 1016 608 a,
1034 555 1092 609 xlx

376 745 429 805 rix
457 743 535 806 duos
562 749 685 806 autores
712 741 827 819 hahet,
863 749 897 802 et
925 737 1242 826 eoadem'amhlgnos
1263 742 1295 800 ιιι

378 847 463 889 mam
498 826 690 889 sententiam.
733 826 809 886 Cum
838 832 939 888 ιιιιιιιι
969 827 1068 886 maior
1088 841 1159 906 pars
1180 832 1296 888 statuuat

377 913 497 972 Petrum
520 912 561 971 ibi
582 911 678 970 fuisse
695 928 860 990 personam
880 911 1016 970 omnium
1030 910 1243 1006 apostolorum
1264 914 1296 968 ιι

377 995 528 1072 fidelium,
551 993 687 1073 quodet
713 993 780 1072 ipsc
802 999 903 1052 ttexus
925 994 1147 1074 consequentia
1169 1013 1226 1053 sua
1247 1013 1293 1052 ur-

376 1087 437 1160 get,
450 1077 520 1138 dum
535 1078 671 1139 Christus
681 1077 851 1156 interrogat
863 1095 979 1151 omnes,
1002 1083 1034 1136 et
1051 1096 1113 1138 non
1127 1076 1233 1146 solum
1241 1076 1294 1136 Pe-

378 1169 466 1236 trum,
488 1160 610 1221 dicens:
634 1160 698 1221 Vos
721 1166 823 1220 autem
847 1179 1000 1239 quemme
1022 1180 1092 1221 esse
1114 1159 1234 1221 dicitis?
1256 1159 1296 1220 Et
1358 1176 1361 1182 ’

374 1245 416 1308 ihi
438 1207 556 1323 P’etrus,
578 1263 613 1305 os
635 1243 856 1322 apostolorum,
880 1251 912 1303 ut
929 1243 1078 1325 Ohrysost
1079 1261 1167 1305 omns
1189 1245 1241 1321 ait,
1263 1250 1295 1304 et

376 1347 511 1411 persona
533 1327 763 1408 apostolorum,
792 1333 827 1386 ut
853 1325 1058 1408 Hieronymus
1085 1333 1117 1388 et
1143 1324 1295 1408 Origenes

377 1414 500 1491 dicunt,
523 1419 554 1472 et
575 1409 669 1489 Beda,
692 1417 722 1470 ιι
743 1409 948 1491 Augustinus,
978 1417 1010 1471 et
1029 1409 1227 1485 Ambrosius,
1248 1428 1293 1470 ιι

377 1495 510 1582 spondet
529 1513 586 1574 pro
610 1493 761 1555 omnihus.
805 1493 881 1555 Ideo
910 1492 972 1554 dixi
997 1494 1076 1555 nihil
1102 1459 1227 1574 probari
1255 1513 1295 1554 ex

357 1579 436 1640 ‘hac
457 1562 621 1639 autoritate
643 1576 681 1637 de
703 1578 843 1657 primatu.
887 1577 975 1659 Item,
999 1577 1081 1657 quod
1103 1578 1237 1641 textos
1227 1596 1296 1657 ipse

376 1680 439 1724 non
463 1661 537 1721 dicit
558 1662 618 1720 ιιι·
650 1659 695 1720 Tu
720 1679 752 1720 ιι
774 1660 904 1737 Petrus,
931 1667 963 1722 et
983 1679 1076 1742 super
1096 1668 1141 1739 te,
1168 1659 1223 1720 sed
1248 1679 1296 1720 su·

375 1745 532 1826 perhanc
553 1744 693 1822 Petram,
710 1745 872 1806 manifeste
892 1707 1032 1805 indicans
1052 1751 1170 1824 petram
1191 1744 1295 1821 aliam,

376 1846 476 1907 aqua
499 1826 605 1888 Petrus
628 1826 690 1887 dict
677 1834 725 1887 tus
747 1828 794 1888 sit.
830 1827 962 1889 Pnoinde
990 1846 1058 1888 cum
1089 1825 1150 1888 sint
1169 1826 1297 1908 vulgata

319 1929 322 1939 ’
374 1912 450 1990 iura,
473 1913 532 1971 et
523 1909 583 1991 ipsi
604 1911 694 1972 Rom
716 1893 880 1970 Pontifices
900 1917 1050 1972 testentur
1070 1911 1296 1992 interpretatio·

376 2014 447 2055 nem
469 1994 644 2091 Scripturas
662 1994 759 2074 magis
782 1993 888 2054 valere
909 1994 999 2074 apud
1012 1995 1181 2084 Doctores,
1202 2010 1296 2073 quam

376 2078 456 2157 apud
478 2096 512 2137 se
533 2080 628 2154 ipsos,
649 2078 680 2138 in
704 2077 805 2137 causis
825 2095 900 2137 vero
916 2072 1180 2151 descindendii1)
1195 2095 1295 2138 secus.

369 2193 371 2202 =
458 2161 505 2221 De
527 2161 655 2225 articulo
678 2159 732 2220 illo
756 2159 912 2222 Hussitico
935 2161 1000 2221 dixi
1021 2162 1095 2222 satis
1116 2158 1191 2242 heri,
1212 2159 1297 2240 quod

369 2242 511 2304 nondum
535 2243 696 2324 probatum
721 2248 768 2304 est
775 2290 784 2321 ,
806 2262 874 2302 eum
896 2263 966 2305 esse
986 2245 1102 2305 haeret
1081 2249 1185 2305 ticum.
1227 2242 1298 2305 Hoc

376 2345 433 2408 pro
455 2329 659 2407 responsione
682 2327 838 2388 matutina.
868 2340 871 2347 ’

458 2410 628 2471 Redenndo
650 2410 688 2471 sd
711 2411 896 2486 hesternam,
919 2409 1044 2490 quando
1055 2411 1200 2491 egregius
1211 2411 1248 2475 D.
1257 2411 1296 2473 D.

376 2493 512 2553 secundo
548 2494 619 2555 loco
649 2496 794 2573 opposuit
821 2493 1046 2574 depositionem
1082 2494 1297 2591 chrysostomi

330 2634 333 2648 ,
373 2576 446 2638 ideo
468 2577 590 2638 lactam
602 2576 782 2656 illegitime,
805 2579 875 2656 quis
897 2577 970 2637 odio
992 2578 1193 2657 imperatricis
1210 2577 1297 2639 facta

375 2660 423 2721 ait.
466 2660 555 2741 Nego
578 2662 845 2738 consequentiam,
873 2678 937 2720 non
957 2658 1030 2720 ideo
1053 2659 1205 2743 potestas
1214 2659 1295 2721 ordi-

373 2743 466 2803 nandi
490 2749 520 2803 et
541 2742 716 2822 deponendi
737 2762 795 2824 per
815 2752 935 2803 sacrum
957 2742 1105 2803 Nicenum
1129 2735 1295 2804 concilium

375 2832 489 2889 statuta
500 2826 556 2886 fuit
575 2827 743 2909 illegitima,
767 2828 838 2905 quia
860 2843 933 2886 casu
954 2826 1034 2886 ιιιιι
1053 2824 1161 2887 habuit
1181 2825 1296 2886 malum

280 2972 292 2987 f
375 2928 473 2971 usum.
495 2909 603 2969 Nam
595 2930 626 2970 ιιι
649 2907 811 2969 eademt
779 2912 872 2969 etiam
889 2909 1017 2969 historia
1038 2909 1189 2984 scribitur,
1212 2909 1296 2989 quod

375 2994 464 3055 Rom.
487 2993 629 3055 Pontifex
651 2992 758 3053 Victor
784 2993 899 3073 Martyr
925 2992 1024 3052 voluit
1048 2993 1142 3054 Asiae
1177 2994 1295 3073 cpisco-
1341 3057 1346 3074 Ι

376 3094 434 3155 pos
449 3078 725 3138 excommunicare
749 3075 790 3136 At
810 3075 855 3135 illi
874 3086 978 3135 rursus
997 3080 1144 3155 tanquam
1159 3077 1297 3155 superio·

278 3170 282 3177 “
374 3178 424 3219 ιιι
454 3159 676 3221 mandaverunt
703 3159 892 3236 silentium,
914 3163 946 3219 ιι
979 3164 1014 3218 ιιι
1038 3158 1215 3219 ecclesiam
1231 3178 1296 3219 non

375 3230 565 3319 perturbaret
586 3244 747 3318 iusserunt,
769 3242 822 3305 hh
831 3246 860 3306 5
884 3240 1121 3302 Ecclesiasticus
1137 3242 1297 3339 historiae.

377 3322 437 3384 Sed
461 3330 492 3387 ιι
511 3325 634 3385 lreneus
655 3324 868 3406 Lugdunensis
889 3323 1010 3385 Galliae
1040 3326 1204 3404 episcopus
1217 3318 1297 3385 'eun-

377 3406 446 3467 dem
467 3406 557 3469 Rom.
580 3405 767 3488 Episcopum
789 3409 944 3483 coercuit,
966 3414 998 3468 et
1018 3412 1107 3468 erant
1127 3416 1200 3468 tunc
1220 3411 1297 3469 tem-

376 3490 460 3567 poris
497 3491 528 3549 in
550 3490 682 3552 Graecia
703 3490 895 3572 Epiphanius
916 3490 1137 3552 celeberrime
1153 3491 1297 3551 laudatus

377 3591 396 3633 a
418 3572 621 3672 Hieronymo,
622 3574 811 3671 Gregorius
833 3573 1044 3650 Nasannenus,
1068 3575 1199 3635 Basilius
1220 3574 1297 3635 chri·

377 3655 551 3716 stianissimi
572 3658 648 3737 viri,
670 3676 733 3718 non
755 3661 858 3717 tamen
881 3656 938 3718 sub
959 3651 1049 3718 Rom.
1071 3656 1221 3718 Pontiflce
1242 3678 1296 3717 un-

377 3755 467 3817 quam
488 3740 630 3818 fuerunt,
660 3741 715 3801 sed
739 3742 826 3801 iuxta
846 3739 954 3800 Niceni
976 3741 1100 3801 concilii
1121 3746 1237 3802 statuta
1257 3742 1297 3803 ab

376 3823 532 3947 episcopis
552 3824 792 3936 provinciarum
803 3822 1032 3885 ordinabantur.

395 3990 529 4001 ...μ-...-

395 4077 417 4115 '·
432 4084 458 4153 l)
472 4082 535 4158 *alpi
546 4018 674 4143 Eoesolin
695 4084 863 4141 decidendis.
884 4089 889 4108 ’
