3075 4775
240 567 244 575 -
337 538 380 616 14
521 551 678 637 mapsam
697 559 724 608 a
739 551 889 608 naasson
908 548 1042 608 1111111·
1066 531 1070 543 “

934 671 945 704 h

339 738 475 802 uuallon·
496 745 552 824 per
572 739 707 820 milani,
739 737 1129 822 aemorum,ca1lism,
1150 738 1259 824 Hispa

337 824 436 903 niam,
464 825 624 907 Angllam,
658 823 798 904 aliasque
818 826 972 906 regiones.
1016 825 1116 886 Unum
1138 831 1257 887 tanturn

338 927 357 970 a
380 908 514 970 Domino
536 927 660 989 precor,
683 927 724 968 ne
745 927 881 990 unquam
902 908 983 970 'sinat
1004 920 1054 969 me
1076 908 1179 970 dicare
1202 914 1257 971 aut

337 993 467 1070 sentite,
503 991 586 1072 quod
617 989 729 1070 Eccio,
762 993 813 1072 qui
842 1002 924 1052 aune
952 999 1015 1070 est,
1048 996 1186 1074 placeat,
1218 1013 1258 1054 ne
1335 1055 1343 1064 ,

337 1073 415 1135 lolte
436 1083 492 1155 pro
514 1075 611 1137 libero
634 1075 758 1136 arbitrio
782 1074 934 1135 Christum
955 1075 1051 1135 lilium
1076 1074 1134 1136 Dei
1156 1079 1258 1137 ostea-

337 1158 380 1216 tai
402 1158 544 1236 habeam,
567 1166 599 1218 et
617 1175 674 1238 pro
697 1158 787 1219 Rom.
810 1157 950 1220 Ecclesia
972 1159 1125 1219 Christum
1153 1159 1184 1219 in
1210 1159 1257 1220 ln-

336 1239 388 1300 dlo
409 1249 442 1301 et
461 1241 587 1304 Oliente
608 1242 713 1301 vivere
734 1249 765 1302 et
785 1261 915 1322 regnare
937 1261 1059 1322 negem,
1082 1261 1147 1321 seu,
1170 1251 1206 1302 ut
1227 1241 1259 1303 et

337 1333 395 1404 ego
419 1325 491 1405 quid
513 1325 747 1404 aenigmatizem
768 1324 880 1385 festivo
898 1325 969 1385 huic
982 1325 1198 1406 aenigmatisti,
1217 1332 1257 1386 ne

336 1418 405 1466 cum
437 1408 532 1470 Eccio
566 1408 703 1468 cloacam
740 1407 1117 1491 constantinopolitanam
1152 1408 1255 1470 denuo

335 1491 508 1571 recludam,
542 1497 574 1550 et
601 1489 640 1550 de
668 1490 801 1570 antiquis
823 1491 946 1552 Africae
972 1491 1145 1552 homicidiis
1173 1510 1257 1553 nova

338 1573 489 1634 celebrem
512 1573 663 1634 ecclesiae
687 1576 841 1654 martyria.
1299 1584 1303 1592 '

416 1657 494 1716 Nam
518 1662 553 1717 nt
573 1658 718 1717 venenati
740 1659 786 1717 sui
810 1657 992 1738 aenigmatis
1015 1656 1163 1718 scandalo
1192 1675 1256 1718 non

335 1737 483 1819 laedaris,
505 1741 603 1819 scias,
626 1741 667 1800 mi
688 1739 803 1819 lector,
835 1743 915 1801 inter
935 1740 1080 1801 articulos
1103 1740 1255 1801 iohannis

217 1871 220 1896 ,
334 1820 567 1883 Hass'censeri
600 1823 692 1884 etiam
723 1823 920 1884 anonnullis
947 1824 1038 1900 hunc,
1061 1823 1146 1903 quod
1165 1823 1254 1887 Rom.

334 1904 491 1966 Pontllicis
514 1906 656 1988 papalem
680 1907 895 1968 excellentiam
908 1927 927 1967 a
942 1907 1076 1967 (laesere
1098 1920 1168 1968 esse
1190 1907 1255 1966 dix-

335 1989 405 2068 sm,
445 1989 527 2069 quod
556 1998 587 2050 et
607 1989 726 2050 Platina
749 1992 910 2052 manifeste
932 1990 1046 2054 scribit.
1089 1989 1158 2072 Ego
1181 2008 1256 2051 vero
1285 2048 1294 2056 .

334 2077 398 2131 noh
421 2073 588 2152 caesareis,
617 2071 674 2133 sed
697 2074 863 2154 pomiflciia
885 2072 1016 2134 decretis
1039 2072 1168 2133 eandem
1191 2086 1256 2133 mo·

333 2154 490 2216 narchiom
513 2156 636 2236 probari
659 2159 758 2237 posui.
803 2161 847 2218 lta
868 2175 943 2217 sane
968 2157 1101 2238 ipsamet
1121 2151 1256 2216 eccles'la

333 2237 549 2300 Laterahensis
569 2240 601 2299 in
625 2241 699 2300 urbe
722 2240 761 2300 de
782 2241 891 2301 frontis
907 2253 983 2300 suae
999 2240 1172 2320 peripheria
1184 2250 1254 2299 cab-

334 2328 388 2401 tet,
410 2322 555 2403 dogmate
578 2323 680 2404 papali
703 2324 793 2384 simul
814 2332 847 2384 et
866 2323 1017 2404 imperiali
1045 2343 1079 2382 se
1101 2341 1170 2384 esse
1190 2338 1254 2382 ma-

334 2413 409 2465 trem
439 2407 636 2467 ecclesiarum
666 2415 723 2469 etc.
776 2408 849 2468 Noti
881 2415 953 2467 sunt
975 2406 1129 2473 versiculi.
1172 2406 1254 2491 Quid

332 2489 441 2568 igitur?
483 2489 619 2551 Necesse
641 2498 698 2569 est,
720 2498 754 2551 ut
773 2492 842 2571 ipsa
864 2504 988 2571 quoque
1009 2490 1141 2552 ecclesia
1157 2488 1262 2551 Eccic‘

332 2573 372 2631 sit
392 2570 526 2652 llusslta,
549 2582 580 2633 et
600 2574 697 2655 igniat
719 2576 847 2653 cineres,
869 2573 991 2650 deinde,
1013 2575 1085 2653 quia
1106 2572 1254 2633 mandato

331 2664 433 2737 papae
456 2656 829 2721 consenescardinalium
858 2658 952 2718 totius
975 2656 1094 2717 Romae
1127 2664 1159 2717 et
1189 2657 1254 2717 uni·

332 2740 460 2800 versalia
483 2741 654 2821 ecclesiae,
675 2740 730 2801 illa
750 2742 795 2802 sic
818 2747 938 2823 cantat,
970 2740 1046 2800 nihil
1068 2741 1192 2819 mirum,
1228 2740 1254 2799 si

332 2820 444 2882 hiccine
466 2821 600 2884 lastidiat
622 2826 765 2903 antiquos
779 2825 908 2903 cineres,
931 2831 962 2884 et
983 2842 1039 2905 pro
1058 2822 1162 2883 officio
1181 2831 1262 2883 con-'

332 2907 513 2967 sacrationis
542 2922 616 2967 suae
644 2916 830 2967 consecrare
862 2907 986 2986 anhelet
1018 2923 1132 2966 novum
1166 2906 1253 2967 holo·

332 2988 473 3049 caustum
494 2990 558 3051 sedi
582 2991 788 3070 apostolicae,
812 2990 907 3050 semel
930 3006 1058 3071 papam,
1081 2988 1253 3049 cardinales

332 3072 493 3152 ipsamque
514 3072 677 3134 ecclesiam
695 3072 934 3134 Lateranensem
955 3076 988 3134 in
1011 3074 1130 3133 cineres
1152 3067 1253 3133 novo's

331 3154 518 3217 redacturus.
563 3157 631 3217 Deo
653 3158 768 3237 gratia,
799 3157 879 3237 quod
903 3177 981 3217 unus
1009 3158 1119 3227 saltem
1141 3154 1252 3216 Eccita

331 3236 467 3317 reliquus
490 3248 553 3319 est,
588 3238 639 3319 qul
671 3237 822 3301 catholice
844 3241 960 3321 sapiat,
993 3240 1252 3325 singularissimas

315 3320 383 3403 ,ille
412 3322 631 3402 singularitatis
661 3322 856 3404 persecutor,
888 3326 998 3386 ceteris
1027 3320 1169 3384 omuibus
1196 3328 1255 3403 pel·

332 3404 414 3465 virus
438 3404 584 3467 boemiae
605 3406 740 3486 perditis.

415 3488 475 3549 Sed
499 3488 572 3569 quid
596 3492 713 3563 mirum,
735 3489 819 3571 quod
843 3490 1002 3571 sophistae
1023 3488 1175 3551 eiusmodi
1204 3487 1252 3550 tra

331 3573 442 3633 storias
464 3573 617 3652 ignorent,
641 3574 764 3654 quaudo
788 3589 859 3634 suas
875 3575 1105 3655 propositiones
1128 3581 1251 3654 cartago:

330 3656 412 3715 ritas
430 3667 493 3715 hon
515 3656 713 3739 intelligunt?
753 3656 823 3738 Ego
847 3656 969 3737 quidem
993 3659 1072 3718 hanc
1093 3655 1253 3717 materiam

242 3808 245 3825 Ι
304 3746 486 3819 ‚nubqaam
515 3742 643 3801 bactsvi
679 3758 737 3803 nec
768 3742 902 3823 cogitavi
935 3741 1109 3821 disputare,
1144 3751 1251 3802 verum

330 3818 458 3903 hesim,
488 3824 552 3884 ianr
584 3824 635 3884 din
656 3826 839 3907 mosoma
865 3824 897 3885 ln
918 3841 969 3885 me
990 3825 1185 3886 exulceratus
1208 3825 1258 3885 ln:

330 3906 422 3986 vidia,
444 3909 499 3970 bas
522 3908 647 3970 odiosas
669 3928 739 3990 esse
760 3908 989 3989 propositiones
1002 3910 1114 3987 sciens,
1136 3911 1251 3969 cumin

330 3994 440 4054 ceteris
463 3992 641 4074 desperaret
662 3996 839 4069 victoriam,
872 3992 923 4052 bic
950 3992 1059 4053 saltem
1081 3992 1155 4053 mibi
1176 4010 1251 4053 eun-

331 4075 436 4141 ciliare
457 4079 593 4159 sperarit
613 4078 876 4159 indignationem,
898 4078 1010 4139 doctus
1030 4076 1165 4139 catulum
1195 4082 1252 4157 (ut

664 4298 673 4331 1
