3075 4775
524 594 529 601 .
574 551 732 615 alloturlis
750 562 873 631 exceptu.
965 645 968 650 ι
1121 561 1184 629 125

260 764 309 808 ses
328 747 451 808 Romae
473 747 525 807 vel
545 748 577 807 in
598 745 667 808 aliis
689 748 964 829 ccclesisexurtus,
986 750 1065 811 sicut
1085 751 1184 832 pridie

261 830 333 912 dixi,
356 830 442 909 qnod
465 832 497 890 in
511 830 652 891 Remuria
673 832 747 891 sede
768 832 890 891 inerunt
911 831 1034 893 ducenti
1058 839 1089 894 et
1110 834 1185 895 duo·

260 912 359 975 demur
370 914 485 993 Papus,
507 920 663 974 ettamen
685 922 758 974 ente
780 932 886 975 eorum
908 918 1184 978 amotionem-uul-

258 998 305 1057 lus
337 995 499 1057 definitive
529 1003 563 1057 et
588 999 772 1063 seutentiam
799 996 928 1058 serendo
956 1000 987 1059 in
1014 998 1084 1060 tius
1104 1020 1184 1063 crre-

260 1080 345 1141 verit
953 1092 956 1103 '

342 1160 393 1221 Ad
402 1161 618 1241 Theophilum,
642 1179 732 1241 quem
754 1182 811 1242 pro
834 1180 891 1224 suo
903 1169 978 1222 nutu
1001 1172 1094 1245 neget
1115 1167 1183 1227 sine

258 1245 387 1305 alicuius
410 1244 461 1303 vel
482 1245 655 1304 autoritatis
685 1245 734 1305 vel
761 1247 890 1307 rationis
912 1244 1057 1321 inductu,
1080 1250 1184 1329 miror,

258 1326 341 1408 quod
364 1326 593 1387 ecclesiasticos
614 1328 719 1388 Patres
741 1330 785 1387 ita
807 1329 985 1407 contemnit,
1008 1331 1059 1408 qui
1081 1329 1184 1409 sophi-

258 1412 311 1472 stis
334 1416 385 1470 est
404 1408 572 1470 admodum
591 1410 738 1473 infensus.
760 1411 967 1492 Augustinum
981 1412 1110 1489 induxit,
1131 1414 1184 1491 qui

257 1492 433 1572 ‘lbeopbilo
454 1503 518 1552 r'ron
539 1492 729 1575 adversatur,
751 1494 904 1555 Christum
917 1495 1052 1555 locutum
1074 1496 1114 1555 de
1131 1515 1184 1577 ge-

258 1595 330 1637 nere
353 1576 501 1655 martyrii.
525 1574 586 1636 Sed
607 1575 734 1655 doceat,
758 1576 809 1637 ubi
831 1579 1020 1657 Augustinus
1043 1578 1184 1640 ordinem
1254 1586 1258 1593 '

258 1659 432 1741 magisterii
454 1660 623 1737 negaverit,
645 1677 716 1742 oum
737 1659 852 1719 ibidem
874 1666 961 1721 trent.
987 1664 1046 1724 124
1067 1661 1107 1722 de
1129 1663 1185 1724 Pe·

258 1750 304 1803 tro
325 1743 470 1819 fateatur,
492 1759 562 1801 eum
583 1741 678 1802 fuisse
698 1742 923 1803 abundantiore
945 1746 1060 1825 gretia,
1088 1764 1183 1807 unum

256 1824 453 1902 eundemque
474 1825 604 1903 primum
618 1826 813 1903 apostolum.
835 1826 876 1885 itt
895 1826 926 1885 in
949 1826 1092 1906 Epistola
1104 1833 1183 1893 162:

256 1907 288 1968 ln
308 1908 456 1968 Romans
472 1906 623 1985 Ecclesia,
644 1910 759 1986 iuquit,
775 1924 897 1988 semper
918 1910 1111 1988 apostolieae
1133 1930 1181 1971 ce-

257 1990 385 2051 tbedrae
408 1990 506 2071 viguit
519 1991 725 2070 principatus.
747 1991 851 2065 Quare
871 2010 935 2052 non
958 2010 1007 2052 me
1030 2000 1127 2074 roget,
1149 2001 1183 2058 ut

257 2073 491 2135 conclusionem
514 2078 664 2151 nostrum,
688 2092 779 2153 quam
803 2082 1037 2154 reputoverem,
1059 2076 1187 2137 nonde-

257 2157 395 2229 ieudnm,
731 2182 735 2187 ·

340 2239 405 2301 Sua
426 2256 506 2317 quae
527 2223 658 2298 adduxit
677 2237 717 2298 de
739 2238 830 2299 Petro
841 2240 889 2321 ³⁸),
913 2242 1007 2303 misso
1030 2243 1063 2305 in
1079 2241 1185 2307 Semu-

256 2325 351 2401 rium,
378 2328 412 2383 et
432 2340 487 2402 per
506 2321 569 2381 boc
589 2323 752 2402 primatum
783 2322 822 2382 ab
844 2341 882 2384 so
905 2324 1074 2409 ablatum„
1095 2330 1183 2408 qussi

258 2408 433 2469 nesciamus
454 2405 587 2484 aliquem
607 2406 727 2466 mittere
748 2423 784 2466 se
803 2407 914 2487 ipsum,
938 2410 1102 2472 utililium
1126 2413 1183 2472 bei

258 2490 379 2551 uPstre
401 2494 432 2549 et
452 2507 473 2547 a
494 2507 529 2550 se
546 2489 619 2568 ipso
639 2490 776 2568 missum,
797 2509 861 2550 non
883 2493 1009 2557 noviter
1031 2497 1090 2557 ista
1110 2515 1184 2555 ven·

257 2574 335 2633 tilari
358 2580 548 2651 coeperunt,
577 2572 632 2632 sed
661 2574 767 2632 omnis
793 2572 910 2636 dudum
940 2581 1061 2640 inerunt
1083 2579 1185 2638 soluts
1274 2580 1277 2586 '

257 2675 311 2735 per
323 2655 505 2735 Alpbarum,
518 2653 694 2715 iohannem
708 2655 756 2715 'de
764 2656 863 2718 Turre
888 2669 1024 2724 cremate
1045 2669 1075 2721 et
1096 2661 1184 2721 alios.

258 2738 349 2812 Quod
371 2739 400 2798 si
422 2738 529 2798 Petrus
550 2736 676 2799 Jacobs·
692 2739 787 2798 cessit
806 2739 1036 2826 Hierosolymis
1058 2746 1089 2804 in
1112 2762 1185 2804 con·

257 2822 338 2902 cilio,
361 2828 395 2882 et
415 2821 478 2882 loci
498 2827 531 2880 et
550 2822 718 2882 senectutis
740 2823 897 2890 rationem
919 2829 1053 2905 habens,
1075 2828 1184 2906 prime
1212 2885 1216 2892 ,

256 2911 318 2966 tum
343 2904 436 2982 Petro
458 2921 521 2964 uon
542 2904 650 2967 aufert.
688 2904 752 2989 Sed
783 2918 819 2972 ut
842 2912 982 2973 videatur
1008 2908 1122 2989 aliquid
1143 2908 1185 2968 fa

257 3006 342 3064 cere,
370 2986 476 3048 tribuit
503 2987 666 3066 primatum
693 2987 827 3054 herroris
857 2996 962 3073 Petro,
993 2994 1072 3054 loric
1101 2991 1185 3052 velut
1271 3029 1276 3035 ·

256 3071 439 3153 ambitioso,
470 3088 539 3129 cum
561 3089 601 3130 ex
623 3089 672 3130 me
695 3077 837 3137 erudierit.
852 3078 1056 3158 cyprianum,
1077 3075 1183 3137 Hiero·

257 3172 394 3234 nymum,
416 3152 650 3229 stAuaelctum,
668 3160 841 3240 apostolos
864 3160 1002 3239 aequalis
1024 3158 1184 3219 fuisseho·

257 3239 354 3297 borist
370 3235 457 3316 Ergo
478 3237 640 3316 primatum
664 3239 796 3303 honoris
817 3242 1003 3304 reverendus
1025 3241 1115 3302 Peter
1135 3242 1185 3302 tri·
1224 3231 1231 3240 ⁸
1275 3243 1282 3259 ⁴

257 3318 435 3396 bnitPctro,
457 3337 547 3398 quem
570 3320 600 3380 S.
610 3321 722 3386 Patres
743 3334 869 3406 negant,
892 3331 1000 3388 contra
1022 3326 1184 3404 primatum

256 3403 530 3483 regiminis-negat
548 3403 657 3488 Petro,
681 3428 772 3496 quem
794 3427 925 3471 concors
939 3409 969 3470 S.
977 3409 1099 3468 Petrum
1116 3425 1184 3469 sen·

257 3487 353 3546 tanda
374 3494 407 3545 st
427 3485 549 3544 concilii
573 3485 825 3552 Oorrstantiensis
839 3494 939 3554 ‘Petro
962 3492 1075 3552 tribuit.

338 3568 469 3628 Desinat
485 3584 581 3648 crgo,
615 3592 688 3653 oro,
721 3575 846 3655 gloriari
882 3594 916 3636 se
939 3582 1047 3635 contro
1069 3583 1129 3634 tem
1154 3571 1184 3636 S.

257 3650 371 3729 Patres,
395 3657 504 3710 coutm
524 3655 588 3713 tam
615 3657 738 3720 celebre
763 3658 938 3735 concilium,
962 3675 995 3718 se
1018 3656 1184 3718 maioribus

257 3733 470 3794 uutoritatibue
492 3735 614 3817 nixum,
635 3741 717 3821 quod
741 3759 835 3820 saepe
863 3740 1050 3802 ostenderim
1074 3741 1185 3800 autori-

256 3823 335 3877 tates
362 3836 419 3897 per
444 3835 515 3876 cum
543 3817 688 3885 inductus
710 3825 873 3904 primatum
903 3843 966 3884 non
996 3842 1110 3904 negare
1132 3822 1184 3880 eli-

257 3901 340 3960 cuius
359 3899 389 3960 S.
412 3899 512 3960 Putris
537 3909 701 3972 sententie.
723 3907 826 3983 Quare
848 3910 950 3987 potius
974 3905 1184 3970 cumGraecis

290 4079 319 4144 ⁸)
338 4081 432 4132 Actor.
451 4079 479 4134 8.
