3075 4775
328 554 400 623 ‘414
626 559 659 612 ιι.
679 559 838 615 canaam.
852 561 891 615 ιι.
912 562 988 615 imo.

338 743 512 809 conformes
540 745 667 825 imagini
699 743 811 804 christi
837 743 1063 829 reddamurffl),
1092 747 1163 806 sive
1185 745 1262 805 illud

337 829 368 887 in
390 828 468 896 vito,
497 828 565 888 sive
593 830 624 887 in
648 827 753 887 inieris
781 826 848 906 fiat,
882 829 931 888 vel
953 830 1098 888 etiamin
1121 828 1261 909 periculo

337 912 462 988 mortis,
490 912 576 970 utin
597 910 668 970 illos
691 918 823 970 terrores
847 912 1063 986 coniiciamur,
1081 918 1118 972 et
1139 918 1261 972 conme-

338 995 516 1090 miscemus,
535 1012 574 1053 ac
592 1012 700 1053 omnes
723 993 794 1053 illos
817 959 1159 1074 sentiamuscmdiatus,
1182 1013 1264 1073 quos

338 1076 516 1138 Christus'
508 1096 538 1138 iu
569 1095 659 1136 cruce
680 1077 814 1155 pertulit.
794 1077 913 1160 ιΕιι
939 1083 1057 1145 autem
1053 1077 1262 1151 homendum,

336 1159 388 1219 illa
411 1168 474 1219 tum
495 1159 628 1237 demum,
651 1178 719 1219 cum
742 1159 781 1219 de
803 1161 1093 1240 vitapeniclitomur,
1116 1163 1260 1240 experiri.

419 1242 526 1303 Oratis
545 1244 639 1324 igitur
659 1243 868 1322 unusquisque
892 1244 1073 1324 Deum,ut
1090 1262 1149 1304 cor
1170 1263 1260 1304 suum

336 1325 510 1386 induratum
538 1326 692 1402 emolliat,
731 1333 764 1385 ut
795 1328 892 1406 possit
922 1347 989 1388 oum
1023 1327 1121 1388 fructu
1153 1327 1260 1406 aliquo

336 1411 514 1488 passionem
538 1408 649 1469 Christi
627 1372 847 1489 tdiligeutius
870 1411 973 1471 animo
998 1410 1146 1470 meditari.
1179 1410 1260 1470 Nam

336 1491 398 1551 hoc
419 1511 511 1553 neuto
539 1493 703 1573 cogitabit,
741 1491 823 1571 quod
852 1495 965 1553 nostris
988 1493 1101 1554 viribus
1124 1495 1190 1552 sine
1213 1492 1260 1552 di·

336 1575 409 1634 vina
430 1578 528 1656 gratia
549 1577 726 1655 passionem
749 1575 860 1635 Chiisti
890 1595 962 1637 vere
994 1575 1134 1636 meditari
1160 1577 1260 1656 possi·

336 1675 414 1735 mus,
436 1659 493 1718 Dei
515 1657 591 1718 illud
612 1665 659 1717 est
682 1677 770 1738 opus,
792 1677 855 1720 non
868 1669 1014 1720 nostrum
1038 1659 1197 1738 Nequet
1165 1661 1259 1719 etiam

337 1740 415 1800 haec
436 1742 486 1801 vel
508 1741 569 1800 alia
590 1741 805 1817 docentur,t
772 1749 805 1801 ιιι
827 1744 945 1822 cogites
967 1745 1025 1803 tuis
1040 1743 1153 1803 viribus
1170 1761 1261 1822 prae-

337 1825 410 1883 stan'
431 1843 469 1884 ea
491 1843 592 1904 posse
629 1825 673 1885 Α
681 1826 747 1884 Deo
768 1824 822 1885 illa
844 1826 972 1885 facultas
995 1825 1180 1907 postulanda
1203 1833 1260 1904 est,

337 1913 370 1966 ut
397 1905 479 1966 illius
507 1910 623 1988 gratia,
659 1927 722 1967 non
750 1910 866 1969 nostris
897 1908 1011 1969 viribus
1042 1909 1138 1969 adiuti
1171 1927 1261 1988 puae-

262 2035 266 2040 .
337 1996 418 2051 stare
441 2009 478 2051 ea
495 2009 656 2070 possimus
692 1990 778 2050 'Nam
803 1991 884 2070 quod
910 1993 970 2069 illi,
1004 1992 1042 2051 de
1072 1991 1180 2070 quibus
1210 2010 1259 2050 su-

335 2091 392 2152 pra
413 2074 563 2152 diximus,
584 2091 647 2134 non
668 2081 752 2134 recte
775 2073 887 2146 Ohristi
909 2077 1085 2154 passionem
1109 2081 1260 2134 tractave-

336 2162 415 2234 runt,
438 2156 470 2216 id
492 2162 589 2216 totum
612 2157 684 2218 inde
699 2159 844 2234 manavit,
868 2157 950 2236 quod
973 2160 1034 2217 suis
1053 2157 1261 2218 viribusireti

338 2237 480 2298 humanis
497 2240 667 2300 rationibus
688 2259 753 2300 rem
767 2247 973 2322 tentaverunt,
999 2245 1101 2320 neque
1123 2241 1261 2301 divinam

338 2324 467 2401 gratiam
489 2322 739 2403 imploraverunt.
781 2323 905 2383 Nullam
936 2325 1028 2405 igitur
1054 2323 1126 2384 inde
1152 2343 1262 2405 *repor-

337 2412 438 2465 tarunt
460 2406 632 2469 utilitatem.

418 2489 565 2567 Decimo,
600 2490 650 2568 qui
673 2491 766 2570 igitur
789 2489 900 2550 Christi
930 2491 1108 2569 passionem
1130 2490 1179 2551 vel
1205 2509 1262 2570 per

336 2590 427 2632 unum
452 2572 550 2649 diem,
584 2573 633 2633 uel
654 2592 711 2652 por
731 2573 827 2634 horae
849 2575 981 2653 spatium
1004 2574 1049 2633 sic
1070 2576 1173 2635 animo
1198 2593 1260 2634 me-

336 2654 448 2716 ditatus
471 2656 575 2733 inerit,
607 2657 646 2715 de
666 2656 721 2716 illo
743 2675 820 2716 sane
843 2655 902 2716 dici
924 2656 999 2716 illud
1023 2656 1140 2718 Alberti
1163 2658 1261 2737 p-atie

337 2756 419 2835 mur,
450 2739 533 2818 qnod
556 2739 664 2799 melius
685 2739 760 2799 illud
785 2747 904 2819 tempus
927 2740 1143 2817 collocaverit,
1165 2758 1260 2819 quam

337 2821 438 2902 siper
459 2841 573 2882 annum
595 2823 730 2901 singulis
746 2821 853 2883 diebus
875 2824 1009 2900 ieiunet,
1046 2830 1110 2883 aut
1119 2823 1261 2885 Psalmo·

336 2924 400 2964 rum
430 2906 538 2966 librum
567 2906 700 2966 evolvat.
745 2906 830 2965 Haeo
859 2906 939 2965 enim
970 2905 1129 2967 meditatio
1159 2914 1206 2967 tot
1193 2898 1259 2967 tuin

335 2988 477 3049 immutat
497 2989 720 3065 hominemt
688 2996 720 3048 et
741 2988 972 3069 quodammodo
984 2994 1156 3069 regenerat
1178 2990 1261 3051 sicut

335 3070 512 3169 baptismus,
558 3072 671 3151 Atque
686 3072 747 3132 hoc
774 3072 848 3132 illud
870 3090 1048 3153 germanum
1070 3080 1102 3133 c
1122 3073 1260 3152 praecia

336 3173 401 3214 rum
424 3156 577 3236 passionis
600 3154 712 3215 Christi
735 3151 812 3236 opus
835 3162 898 3235 est,
930 3162 962 3216 ut
990 3154 1154 3216 mortificet
1175 3163 1260 3215 vete·

335 3256 400 3297 rem
421 3238 589 3315 hominem,
612 3238 840 3335 utvoluptates,
863 3240 943 3299 item
951 3238 1092 3299 fiduciam
1116 3258 1153 3298 ao
1170 3258 1260 3318 spem

334 3320 366 3379 in
396 3329 550 3382 creaturas
581 3323 701 3399 eiiciat3
734 3322 994 3401 quemadmodum
1016 3322 1153 3382 Ohiistus
1181 3340 1259 3401 quo-

337 3420 397 3483 que
418 3405 457 3465 ab
479 3404 638 3484 omuibus,
661 3406 753 3465 etiam
777 3404 906 3486 abipso
928 3405 1005 3484 Deo,
1029 3410 1094 3465 erat
1116 3405 1259 3465 desertus

336 3505 374 3546 oc
395 3486 566 3549 destitutus.

279 3587 281 3591 ·
419 3571 608 3651 Undecimo,
640 3591 709 3632 cum
739 3572 832 3652 igitur
848 3590 923 3632 vnon
953 3572 991 3629 sit
1022 3576 1194 3631 nostrarum
1216 3570 1260 3630 vi·

336 3654 414 3713 rium
442 3655 487 3714 sic
508 3654 648 3715 meditari
672 3655 785 3716 Christi
808 3655 1002 3734 passionem,
1037 3670 1259 3731 nonnunquam

336 3736 463 3815 accidit,
486 3743 520 3797 ut
539 3738 571 3797 id
593 3759 613 3799 a
633 3739 700 3798 Deo
724 3737 931 3818 postulemus,
957 3753 1057 3815 nsque
1079 3742 1181 3795 tamen
1195 3736 1261 3796 vim-

324 3827 502 3899 ·petremus,
525 3839 580 3897 eo,
604 3840 664 3899 quo
688 3839 746 3881 nos
768 3820 927 3898 volumus,
950 3827 1105 3899 tempore,
1128 3818 1262 3897 quodsi

334 3901 400 3984 flat,
424 3923 485 3965 non
508 3903 579 3963 ideo
595 3906 696 3963 statim
712 3903 938 3983 desperandum
963 3910 1016 3963 aut
1029 3900 1262 3963 intermittenda

526 4042 637 4049 ...ο-*ν-
646 4044 648 4047 -
656 4043 674 4047 ψ.
684 4044 719 4049 ...,
754 4044 761 4048 ,

378 4085 422 4162 ’·)
444 4094 524 4148 [tom.
543 4090 568 4149 8.
