3075 4775
467 550 524 605 auis
544 550 651 621 Lipsiae
670 510 861 619 disputatus:
878 548 944 602 lllll.
1112 541 1174 611 245

254 756 286 797 re
307 738 448 817 pessima
469 744 580 816 potens
602 743 650 797 eat
671 736 798 813 Ennius,
819 735 858 795 ad
879 751 943 795 rem
965 734 1174 815 theologicam

255 828 287 881 ut
308 821 416 881 asinus
438 820 477 880 ad
499 819 596 900 lyram
619 818 655 900 ¹).
943 834 946 841 ·

337 903 400 965 sed
422 904 480 963 iam
513 905 553 963 ad
574 899 791 964 Resolutiones
820 900 958 979 aoeedo,
996 908 1027 959 tu
1056 901 1175 960 interim

255 1006 349 1064 eura,
382 992 416 1047 ut
439 987 643 1047 illustrissimo
665 986 799 1064 Priuoipi
819 984 945 1043 Ennium
968 983 1177 1060 commendes,

255 1072 337 1131 siout
358 1072 516 1149 seipsum
550 1069 761 1130 commendari
784 1070 908 1144 meruit,
937 1086 1112 1145 quanquam
1136 1068 1179 1125 ni-

254 1154 297 1214 hil
319 1154 383 1213 hoo
416 1152 517 1213 officio
554 1155 593 1213 sit
625 1166 705 1232 opus
733 1150 814 1231 apud
848 1157 965 1210 tautum
995 1151 1176 1227 Principem.

255 1237 334 1297 Vale
359 1235 639 1317 wirtember-gaso
667 1235 757 1295 Anno
781 1234 922 1296 Moxlx.
946 1233 1176 1312 Assumptionia

255 1322 414 1381 Marianae
426 1319 469 1394 3).

591 1499 812 1561 Conclusio
833 1499 857 1562 l.

340 1654 487 1741 Quotidie
508 1672 618 1745 peceat
639 1668 738 1726 omnis
760 1663 878 1742 homo,
912 1664 967 1725 aed
989 1670 1021 1725 et
1039 1663 1176 1742 quotidie

256 1752 408 1833 poenitat,
431 1748 564 1809 docente
582 1742 719 1809 Obristo:
754 1748 980 1809 Poenitentiom
1003 1748 1103 1829 agite,
1128 1766 1179 1806 ex·

256 1842 442 1914 septumo,
465 1850 548 1892 novo
568 1832 703 1910 quodam
725 1833 817 1909 iusto,
840 1832 891 1910 qui
903 1832 1094 1911 poenitentia
1116 1848 1178 1889 non

254 1918 392 1997 indiget,
433 1934 501 1974 oum
534 1917 626 1975 etiam
657 1914 800 1987 palmites
833 1914 1004 1974 fructiferos
1041 1913 1179 1992 quotidie

255 2008 368 2081 purget
391 1998 528 2079 agrioola
550 1999 705 2059 eoelestis.

341 2083 405 2143 Ista
427 2081 585 2153 eobolusio
608 2080 723 2161 pendet
739 2101 782 2141 ex
804 2101 842 2142 eo
859 2080 1071 2155 fundamento,
1095 2078 1178 2159 qrrod

173 2202 177 2209 -
257 2168 360 2230 omnis
375 2164 622 2225 aetushumanus
645 2172 696 2224 aut
719 2165 896 2243 mathomus,
918 2164 1101 2240 autmalus‚
1124 2182 1181 2222 neo

257 2252 349 2311 datur
374 2254 460 2307 aetus
484 2256 599 2325 neuter,
622 2268 686 2324 seu,
706 2255 739 2307 ut
761 2247 929 2326 illidiount,
951 2248 1108 2308 moraliter
1128 2245 1181 2306 bo-

257 2354 325 2406 nus.
366 2331 440 2392 Ideo
464 2332 592 2411 primum
617 2332 688 2392 mihi
713 2339 784 2391 sunt
806 2331 981 2393 amolienda
1002 2331 1079 2406 duo,
1102 2349 1182 2411 quae
1208 2357 1211 2364 ¹

256 2420 302 2478 his
326 2417 444 2495 opponi
467 2414 576 2477 solent.

341 2500 476 2560 Primum
512 2505 559 2558 eat
591 2502 739 2560 autoritas
776 2498 902 2559 scholae
941 2499 1077 2558 omnium
1117 2497 1181 2556 fere

258 2583 475 2662 theologorum
498 2600 553 2660 per
576 2583 701 2659 orbem,
738 2584 787 2661 qui
811 2589 919 2641 eontra
940 2583 1084 2640 sentiunt.
1127 2579 1180 2638 llis

258 2685 437 2747 quanquam
460 2683 582 2724 omnem
605 2665 735 2725 debeam
758 2666 972 2739 reverentiam,
994 2664 1115 2724 veniam
1139 2670 1180 2729 ta-

260 2771 331 2810 men
358 2748 433 2808 mihi
456 2747 590 2826 dabunt,
629 2747 710 2827 quod
742 2751 786 2808 eis
822 2748 941 2807 divinas
969 2747 1073 2807 literae
1096 2765 1182 2825 prae-

260 2835 336 2894 fero.
361 2831 464 2905 Quare
487 2829 626 2908 obsecro,
648 2833 672 2890 si
691 2833 739 2891 oui
761 2831 919 2912 displiceo,
943 2848 1006 2890 non
1029 2828 1102 2888 mibi
1124 2835 1182 2888 ata·

261 2919 314 2997 tim
342 2920 500 2994 opponat:
522 2914 567 2972 'l'u
590 2915 673 2974 solus
695 2916 798 2994 sapis,
821 2921 852 2973 et
873 2913 1005 2973 ecelesia
1024 2913 1183 2989 bucusque

262 3003 327 3058 sine
351 3006 382 3057 te
414 2997 546 3074 erravit,
581 3015 638 3056 nee
670 3004 716 3057 tot
747 2998 849 3078 capita
881 2996 986 3056 videre
1008 3001 1182 3076 potuerunt,

262 3081 346 3162 quod
371 3087 401 3139 tu
426 3077 529 3154 vides,
552 3086 644 3159 atque
665 3081 712 3140 liis
735 3079 883 3141 similibus
906 3079 1100 3139 suasionibus
1122 3097 1181 3136 me-

262 3185 329 3224 eum
354 3162 541 3241 expostulet.
585 3163 625 3223 Ut
647 3166 726 3222 enim
757 3165 912 3241 omittam,
946 3162 1028 3240 qnod
1050 3181 1106 3242 per
1126 3161 1184 3220 asi-

265 3269 332 3307 nam
358 3243 545 3325 quandoque
568 3245 687 3306 loeutus
710 3253 755 3306 est
779 3246 871 3321 Deua,
895 3245 976 3324 quod
999 3245 1182 3324 prophetam

264 3331 391 3406 celavit,
424 3335 455 3388 et
476 3328 608 3388 Samueli
630 3349 727 3410 puero
752 3330 902 3405 ostendit,
926 3327 1006 3408 quod
1030 3323 1183 3387 sacerdoti

265 3413 385 3473 israelis
417 3411 486 3471 Heli
520 3431 581 3472 non
615 3413 780 3488 revelavit,
818 3413 926 3471 saltem
957 3431 1013 3470 suo
1040 3410 1183 3489 exemplo

266 3500 499 3573 mansuescant,
540 3501 570 3554 et
602 3495 683 3575 quod
706 3498 763 3575 ipsi
787 3496 843 3556 libi
866 3502 970 3556 mutuo
1003 3502 1034 3553 et
1053 3497 1183 3554 invicem

267 3578 459 3654 concedunt,
490 3577 560 3638 mibi
584 3597 706 3658 quoque
736 3581 921 3659 permittant.
955 3577 1092 3638 Surrexit
1113 3577 1185 3637 Soo-

266 3671 311 3722 tua
335 3681 414 3721 uuus
430 3661 542 3738 'bom0,
566 3671 596 3722 et
618 3665 751 3722 omnium
776 3663 949 3722 scholarum
975 3670 1004 3722 et
1024 3661 1183 3725 doctorum

303 3945 330 4004 lt
353 3943 383 3994 ln
404 3940 445 3995 ed.
468 3942 529 3994 Jen.
556 3947 583 3994 'at
611 3941 652 3994 ed.
669 3901 747 4012 lorig⁴
770 3943 861 3994 Witt.:
898 3936 963 3999 ὄνος
994 3937 1065 4010 πρὸς
1089 3937 1184 4007 λύραν.
1212 3956 1215 3963 ’

269 4013 416 4142 berlize&
446 4016 518 4084 orig.
539 4015 630 4067 wilt-t
662 4013 895 4083 Vuittembergae.
934 4013 966 4077 6)
988 4012 1017 4114 ln
1045 4011 1089 4063 ed.
1107 4008 1185 4063 lem:
