3075 4775
528 514 561 568 de
580 514 760 569 Sacramenta
779 516 918 583 baptismi.
1134 515 1194 583 401

270 706 411 775 mortem,
433 705 467 759 ut
488 698 536 759 vel
557 698 611 759 illa
632 698 752 775 ratione
774 698 896 759 abhoc
917 718 1048 779 corpore
1071 704 1194 783 peccati

270 780 446 846 liberemur.

353 864 562 936 Duodecim0,
590 870 685 924 restat
704 866 765 923 iam
788 864 878 924 tertia
899 864 987 925 huius
1009 869 1195 927 sacramenti

269 966 341 1027 pars
354 946 525 1026 tractanda,
538 966 650 1027 nempe
661 946 748 1026 tides,
771 954 803 1006 ut
825 948 1143 1010 scilicetconstanter
1166 959 1197 1011 et

270 1030 397 1091 tirmiter
418 1029 595 1107 credamus,
630 1029 713 1109 quod
736 1048 800 1090 non
831 1030 933 1091 solum
963 1030 1115 1113 significat
1134 1032 1196 1094 hoc

270 1120 495 1175 sacramentum
525 1121 655 1173 mortem
684 1120 716 1173 et
740 1116 996 1174 resurrectionem
1026 1116 1057 1174 in
1093 1118 1193 1177 novis-

269 1198 348 1257 simo
373 1198 439 1279 die,
477 1216 533 1277 per
560 1216 638 1277 quae
660 1196 754 1256 homo
784 1199 953 1257 renascitur
982 1199 1013 1257 in
1037 1204 1193 1259 aeternam

270 1283 381 1357 vitam,
403 1280 457 1340 sed
481 1279 562 1359 quod
585 1279 755 1359 baptismus
777 1279 831 1339 illa
857 1282 977 1353 omnia,
1007 1280 1078 1341 dum
1102 1284 1193 1342 etiam

268 1364 320 1423 hic
340 1365 490 1441 vivimus,
526 1382 599 1423 vere
627 1366 659 1423 in
687 1362 776 1422 nobis
801 1370 953 1443 operetur.
996 1364 1082 1425 Haec
1112 1366 1194 1425 enim

269 1448 439 1527 baptismus
462 1448 545 1527 agit,
578 1446 677 1505 Deum
704 1444 793 1506 nobis
827 1453 858 1506 et
885 1466 941 1507 nos
963 1448 1105 1507 ‘vicissim
1126 1448 1193 1509 Deo

269 1530 451 1610 obstringit,
488 1529 571 1609 quod
598 1528 729 1589 velimus
752 1536 898 1610 peccata,
928 1530 1030 1609 quoad
1053 1532 1193 1608 vivimus,

271 1612 477 1690 mortificare,
512 1618 543 1671 et
570 1620 676 1672 contra
699 1631 736 1671 ea
758 1632 918 1692 pugnare:
947 1612 1029 1692 quod
1059 1616 1193 1675 vicissim

268 1699 336 1776 ipse
359 1697 441 1755 Deus
463 1695 538 1756 velit
554 1695 716 1775 indulgere
739 1695 849 1774 nobis,
866 1694 1059 1775 ,condonare
1082 1703 1192 1772 errata,

268 1779 430 1840 nobiscum
453 1798 515 1839 non
538 1797 656 1839 summo
679 1781 745 1839 iure
763 1798 868 1858 agere,
890 1798 991 1857 neque
1012 1780 1084 1840 ideo
1109 1780 1192 1840 dam·

268 1882 344 1923 nare
366 1882 434 1939 nos,
459 1860 551 1941 quod,
576 1861 647 1923 dum
670 1862 720 1921 hie
740 1862 881 1941 vivimus,
904 1863 970 1922 sine
992 1865 1128 1943 peccatis
1151 1864 1194 1922 vi·

270 1965 344 2006 vere
367 1964 429 2005 non
452 1962 616 2025 possimus.

353 2029 403 2090 Sic
426 2023 771 2107 utrumque‘inteliigis,
797 2033 827 2087 et
850 2026 933 2106 quod
955 2026 1124 2105 baptismus
1146 2028 1192 2087 in·

267 2118 418 2172 nocentes
439 2112 551 2185 faciat,
579 2112 746 2189 omniaque
768 2110 858 2170 tollat
880 2116 1023 2189 peccata,
1057 2112 1087 2171 et
1110 2110 1192 2189 quod

267 2195 416 2275 reliquiae
437 2195 557 2275 peccati
577 2195 609 2253 in
632 2194 721 2253 nobis
731 2199 927 2273 remaneant,
950 2212 1051 2272 neque
1072 2192 1126 2253 illa
1147 2194 1192 2255 in·
1271 2221 1273 2225 ·

266 2286 347 2339 nata>
374 2279 413 2337 ad
440 2276 630 2358 peccandum
659 2276 705 2335 vis
735 2283 766 2336 et
792 2282 901 2337 natura
928 2284 994 2337 tota
1022 2276 1192 2339 aboleatur.

266 2358 345 2422 Eum
368 2364 468 2443 igitur,
493 2361 543 2440 qui
564 2361 626 2420 iam
638 2359 811 2440 baptizatus
828 2368 885 2438 est,
906 2361 1103 2422 innocentem
1118 2360 1190 2423 ideo

265 2465 426 2524 vocamus,
450 2445 532 2525 quod
554 2445 691 2524 coeperit
711 2441 777 2503 fieri
791 2444 951 2519 innocens,
975 2451 1006 2504 et
1027 2446 1187 2506 iaminno·

266 2531 388 2588 centiae
410 2530 528 2608 signum
552 2547 589 2587 ac
610 2527 719 2588 foedus
742 2528 906 2606 acceperit,
930 2533 963 2585 ut
985 2525 1113 2587 subinde
1135 2528 1188 2588 iila

265 2613 445 2672 innocentia
466 2616 585 2671 crescat
608 2619 639 2670 et
660 2615 819 2690 augeatur.
841 2609 874 2670 Si
897 2628 957 2688 qua
972 2615 1075 2668 autem
1088 2615 1188 2670 errata

266 2704 297 2755 et
318 2703 448 2776 peccatu
469 2701 638 2772 remanent,
660 2693 793 2753 eaDeus
815 2699 942 2774 propter
962 2693 1055 2752 ictum
1078 2691 1187 2754 foedus

266 2797 329 2839 non
351 2781 502 2859 imputat,
534 2779 578 2838 ita
612 2784 645 2837 ut
675 2776 730 2836 iila
750 2776 931 2836 innocentia
957 2781 1024 2835 tota
1046 2775 1189 2854 pendeat,

266 2882 330 2922 non
354 2881 393 2922 ex
415 2862 550 2936 homine,
573 2861 628 2920 sed
650 2879 690 2920 ex
710 2861 914 2940 imputatione
926 2858 995 2918 Dei.
1019 2857 1105 2918 Sicut
1118 2859 1188 2919 Pro-

264 2947 360 3028 pheta
381 2947 424 3007 ait
446 2945 590 3010 Psat32:
612 2946 710 3021 Beati,
732 2943 841 3022 quibus
863 2943 991 3002 remissa
1013 2947 1061 3000 est
1081 2942 1189 3020 iniqui·

265 3039 323 3105 tas,
346 3036 378 3090 et
398 3011 633 3105 beatus'hamO,
656 3029 703 3087 cui
727 3047 791 3087 non
813 3027 943 3106 imputat
956 3025 1189 3105 Dominuspec-

267 3121 382 3175 catum.

350 3197 462 3272 Porro,
490 3194 569 3254 haec
589 3192 666 3253 fides
694 3201 742 3255 est
764 3193 900 3253 omnium
929 3192 1062 3250 maxime
1083 3209 1188 3252 neees-

266 3281 357 3342 saria.
398 3278 443 3338 Ea
466 3279 547 3338 enim
569 3278 651 3354 sola,
674 3282 706 3336 et
725 3274 812 3336 nulla
832 3276 892 3336 alia
913 3293 962 3334 res
985 3272 1129 3334 afflictam
1152 3293 1189 3335 ac

265 3362 418 3422 turbatam
441 3361 662 3422 conscientiam
685 3360 840 3420 consolari
873 3364 904 3418 et
931 3357 1050 3436 erigere
1074 3364 1187 3437 potest.

266 3445 357 3521 Quod
381 3447 406 3504 si
430 3447 480 3524 qui
509 3445 568 3504 hac
589 3443 654 3503 fide·
673 3449 807 3521 careant,
829 3441 874 3501 iili
895 3441 1074 3500 necessario
1099 3459 1188 3522 prop-

265 3538 311 3592 ter
335 3538 465 3611 peccata
489 3527 704 3607 desperabunt.
726 3525 957 3605 Nampeccata,
980 3541 1093 3602 quaec
1117 3523 1188 3605 bap-

265 3615 358 3676 tismo
383 3619 516 3688 manent,
539 3611 639 3689 iniis,
661 3611 712 3688 qui
735 3627 798 3668 non
815 3607 952 3684 credunt,
976 3607 1079 3666 omnia
1096 3608 1187 3666 etiam

265 3697 350 3759 bona
372 3716 467 3776 opera
489 3694 702 3755 contaminant
724 3698 755 3751 et
774 3691 974 3769 coinquinant
996 3708 1100 3750 coram
1111 3689 1188 3749 Deo.

329 3781 431 3857 Quare
453 3779 607 3840 constanti
631 3784 662 3837 et
682 3775 769 3835 firmo
793 3775 896 3834 animo
918 3772 1008 3832 inniti
1033 3773 1187 3854 baptisma

266 3866 427 3943 convenit,
463 3871 496 3923 ut
518 3861 697 3923 abiiciamus
732 3877 800 3918 eum
824 3857 959 3937 peccatis
984 3863 1015 3915 et
1047 3854 1186 3916 omnibus

266 3947 432 4011 terroribus
455 3946 674 4024 conscientiae,
698 3949 730 4003 et
750 3941 881 4002 demisso
904 3939 1007 3999 anima
1030 3938 1187 3998 dicamus:

266 4030 338 4095 Scio
362 4032 467 4093 omnia
487 4047 557 4088 mea
582 4045 677 4107 opera
698 4026 819 4104 impura
841 4030 872 4083 et
888 4022 1086 4098 coinquinata
1107 4037 1185 4078 esse.

295 4152 387 4193 uuum
401 4160 452 4199 opp.
467 4148 494 4189 v.
505 4147 532 4187 a
546 4146 576 4186 aa
589 4145 630 4186 rer.
643 4143 694 4185 aas
707 4143 723 4182 r.
736 4153 756 4192 μ
774 4141 823 4184 rot
834 4140 875 4180 111.
987 4105 1026 4167 26

413 4316 425 4348 t
