3075 4775
529 538 756 607 sthennium·
775 538 967 600 melissum
1150 533 1212 614 127

274 725 479 810 ‘prensum
500 747 581 808 quae
601 731 823 799 munientium
847 729 1082 800 exstimulatum
1097 736 1130 794 st
1148 747 1215 812 gua

293 819 416 889 verant,
455 819 548 892 atque
575 833 619 877 ea
656 817 688 876 iu
727 813 924 879 ooniessioue
958 819 1045 876 urant
1076 812 1215 876 dioenda

292 893 375 958 Nihil
397 896 489 976 igitur
510 916 588 977 opus
611 903 660 960 est
679 895 733 958 illo
755 897 915 973 examine,
950 915 1011 976 quo
1040 897 1123 960 soliti
1146 902 1218 962 sunt

294 980 354 1053 uti,
383 987 416 1038 ut
445 985 572 1040 exectos
599 987 797 1060 pennatorum
821 981 957 1042 omnium
984 981 1147 1045 referretur
1167 999 1216 1044 ou·

294 1061 432 1142 tnlogus,
472 1082 511 1124 eu
544 1082 625 1142 qnae
659 1064 809 1145 cogitanti
842 1071 1006 1126 ooourrunt
1037 1065 1151 1144 arripe,
1186 1070 1218 1124 et

294 1144 357 1206 dio:
397 1145 486 1214 Bone
517 1145 626 1224 frater,
662 1146 713 1208 hio
742 1148 847 1227 lapsus
875 1166 960 1220 sum,
991 1153 1023 1206 tu
1051 1147 1136 1226 erige
1166 1165 1216 1210 me

293 1227 389 1290 uerbo
411 1228 486 1306 Dei,
522 1235 554 1290 et
577 1229 722 1309 consule,
756 1229 828 1309 quid
861 1230 892 1291 in
922 1229 981 1292 huo
1008 1249 1041 1290 ro
1071 1231 1144 1292 mihi
1177 1230 1217 1292 sit

293 1310 479 1375 iaoiundum.

375 1394 476 1461 Debet
498 1397 580 1457 enim
600 1396 702 1458 brevis
729 1414 799 1456 esse
825 1395 994 1472 ooniessio,
1027 1396 1160 1475 inqua,
1190 1395 1216 1460 si

294 1476 367 1556 qnid
388 1483 420 1538 te
441 1478 527 1557 fugit,
548 1478 632 1557 quod
655 1486 727 1555 post
747 1478 777 1540 in
795 1485 929 1542 mentem
953 1479 1066 1556 veniat,
1088 1477 1164 1540 nibil
1186 1484 1216 1542 te

294 1579 334 1622 ea
352 1579 402 1620 res
426 1561 600 1623 conturbet.
641 1561 750 1642 Neque
780 1562 862 1624 enim
892 1562 1050 1624 noniessus
1083 1580 1136 1639 es,
1166 1561 1216 1624 vel
1289 1583 1291 1588 ¹

295 1653 439 1722 tanquam
462 1643 576 1707 bonum
600 1663 697 1724 opus,
727 1645 777 1706 vel
808 1651 950 1724 tauquam
974 1651 1115 1708 ooootum
1138 1663 1216 1724 opus
1255 1653 1257 1658 '

294 1726 444 1802 tacturus,
474 1736 504 1788 et
526 1729 643 1807 poteris
662 1728 726 1792 hoo
745 1729 847 1808 ipsum
870 1735 1030 1808 pennatum
1053 1728 1121 1788 Deo
1143 1746 1218 1788 oon·

294 1807 382 1873 liberi.
425 1809 555 1956 absuper
575 1809 803 1872 absolutionem
824 1829 949 1892 quoque
971 1811 1059 1872 nudis
1080 1811 1110 1871 in
1125 1810 1219 1876 Missa

294 1900 375 1966 tum,
409 1911 428 1952 o
502 1893 598 1957 verba
628 1913 746 1956 ooenae
766 1894 949 1954 Dominioae
970 1893 1091 1957 recitari
1119 1891 1217 1960 sums.

293 1975 375 2037 Nihil
398 1994 473 2056 ergo
496 1984 528 2036 ts
552 1977 731 2053 conturbet,
751 1979 778 2038 si
803 1976 995 2055 quorundam
1019 1982 1217 2056 pennatorum

294 2059 338 2118 sis
359 2057 483 2123 oblitus.
527 2059 606 2120 llam
628 2068 661 2122 et
691 2061 816 2122 oooultn
836 2065 981 2139 pennata,
1010 2077 1150 2139 quaeque
1186 2066 1218 2125 iu

294 2142 429 2221 fugiunt,
456 2143 488 2204 in
511 2141 709 2204 absolutione
729 2145 859 2206 remissa
880 2150 960 2204 sunt.
1003 2143 1111 2222 Neque
1133 2143 1217 2206 enim

295 2224 378 2286 Deus
401 2224 461 2287 boo
483 2232 618 2306 speum,
650 2225 721 2305 quid
742 2235 797 2288 sut
819 2226 976 2306 quomodo
1002 2233 1036 2290 tu
1056 2226 1217 2291 ooniessus

294 2308 353 2385 sis,
375 2308 502 2371 verbum
525 2327 612 2370 suum
635 2328 673 2370 ao
694 2316 777 2375 tuam
806 2317 927 2391 speotat
947 2309 1049 2372 iidem.

377 2390 418 2453 Et
448 2393 479 2453 in
508 2392 707 2455 absolutione
737 2414 801 2457 non
832 2394 913 2456 solet
950 2402 1051 2455 sertus
1073 2412 1217 2456 uumerus

293 2483 508 2552 pennatorum,
544 2495 624 2557 quoe
656 2478 866 2555 remittuntur,
898 2476 985 2553 addi,
1021 2476 1076 2537 sed
1110 2496 1149 2537 ea
1170 2482 1218 2539 so

294 2555 390 2624 libero
411 2558 565 2636 quaedum
585 2578 625 2621 uo
647 2560 709 2621 luto
731 2566 841 2639 patens
864 2578 943 2635 vox,
971 2578 1051 2639 quae
1071 2558 1217 2638 simpliei-

293 2647 340 2701 teu
360 2642 528 2704 annunciat
546 2642 646 2707 Deum
669 2643 724 2705 tibi
744 2643 868 2720 favere,
892 2660 983 2721 porro
1006 2644 1031 2702 si
1053 2642 1137 2701 Deus
1161 2640 1215 2703 tibi

291 2722 391 2800 favet,
428 2723 549 2785 sublata
570 2733 641 2787 sunt
662 2727 767 2787 omnia
781 2729 927 2805 poeonia.
971 2722 1140 2786 Confirmet
1160 2723 1217 2804 igi.

295 2815 344 2865 ιιιι·
366 2816 396 2866 te
418 2826 482 2868 non
505 2815 557 2870 lna
571 2809 739 2887 confessio,
761 2808 816 2869 sed
832 2808 997 2885 absolutio,
1021 2826 1120 2884 noque
1142 2805 1216 2869 mul-

294 2896 357 2949 tum
381 2897 411 2949 te
433 2889 595 2968 sollicitet,
629 2893 656 2953 si
677 2910 738 2971 qua
760 2912 823 2953 non
847 2892 1019 2955 meministi.
1063 2888 1215 2952 Remissio

293 2972 376 3033 euim
410 2979 608 3052 peecatorum
641 2982 713 3038 uuae
745 2973 914 3054 respondet
947 2973 1028 3035 lidei.
1078 2971 1110 3033 Si
1139 2991 1216 3053 ergo

294 3053 420 3118 multum
444 3055 553 3136 aredis,
576 3057 704 3120 multum
726 3076 850 3137 quoque
873 3056 926 3123 tibi
948 3056 1119 3117 remittitur.
1159 3054 1216 3116 Aa

293 3156 354 3216 que
382 3139 414 3198 in
442 3139 523 3199 buno
545 3138 670 3202 modum
692 3139 816 3220 quidem
839 3141 975 3220 peooetis
1002 3147 1035 3201 et
1057 3139 1216 3203 oonsoisn-

293 3221 355 3282 tiae
384 3222 502 3301 opponi
524 3223 648 3286 verbum
671 3223 729 3286 Dei
764 3230 797 3285 et
817 3224 981 3303 promissio
1010 3221 1111 3285 debet.
1153 3220 1216 3285 Sed

292 3302 372 3363 been
391 3304 453 3366 ium
475 3303 515 3365 de
536 3305 735 3370 uunfmsione
755 3308 830 3367 uatis
853 3308 922 3367 sint.

362 3484 470 3547 Altera
491 3506 563 3565 pars
583 3490 736 3550 sermonis
758 3489 798 3550 de
821 3494 1014 3550 sauramento
1036 3488 1153 3549 altaris.

375 3640 440 3700 lam
476 3641 567 3705 nobis
608 3649 658 3704 est
684 3642 724 3703 ad
757 3645 914 3723 inceptam
943 3642 982 3703 de
1021 3648 1215 3705 memmenni

293 3722 535 3803 disputationem
556 3724 754 3787 redeundum.
800 3724 887 3787 Illum
904 3730 1005 3790 autum
1028 3725 1131 3787 looum
1152 3726 1215 3787 iam

292 3812 365 3866 ants
386 3805 592 3886 absolvimus,
625 3807 708 3888 quod
736 3808 868 3871 liberum
891 3827 962 3871 esse
983 3808 1096 3871 debeut
1116 3825 1215 3867 soora·

293 3894 446 3967 mentum,
468 3908 571 3969 oeque
589 3891 731 3953 homiues
752 3891 793 3952 ad
815 3890 889 3953 illud
910 3892 939 3953 vi
963 3889 1131 3972 cogendos.

374 3971 485 4036 Restat
514 3974 622 4054 igitm,
661 3981 695 4037 ut
729 3993 853 4053 quoque
882 3974 921 4037 de
957 3982 1083 4051 utraque
1110 3972 1215 4052 spuoie

292 4053 408 4135 mquid
442 4053 588 4122 dieamus.
630 4057 695 4123 lum
726 4057 800 4123 olim
833 4060 938 4124 mua
966 4058 1012 4119 sto
1038 4053 1145 4133 donni,
1183 4056 1217 4119 in
