3075 4775
496 553 636 625 parandus
651 556 765 609 atinus
780 554 823 608 'aa
838 556 965 610 ιιιοιιοιι.
1143 547 1210 618 458

285 741 389 820 Atque
422 743 499 803 haee
530 741 611 804 tides
638 743 800 805 retinenda
832 743 958 804 firmiter
989 748 1052 820 est,
1086 743 1206 804 etiamsi

285 842 394 886 omnes
416 827 534 908 angeli,
571 847 679 888 omnes
701 835 874 901 creaturae,
907 829 970 888 imo
1004 828 1096 886 etiam
1124 827 1207 886 Deus

284 911 353 988 ipse
374 909 530 970 diversum
554 911 696 972 videatur
716 913 841 988 sentire,
862 911 893 971 id
916 910 1000 990 quod
1014 909 1107 970 Satan
1129 911 1208 970 mira

285 999 353 1053 arte
374 1009 595 1074 nonnunquam
618 994 727 1072 effluit,
754 996 799 1055 ita
823 995 903 1054 enim
925 993 1012 1074 fingit
1035 993 1152 1070 omnia,
1175 999 1217 1052 ut·

284 1082 374 1153 pates
395 1079 523 1136 omnino
546 1078 635 1137 eliam
654 1079 712 1138 Dei
735 1097 804 1138 esse
827 1078 967 1138 voluntat
955 1085 1026 1150 tem
1049 1095 1140 1156 quam
1162 1095 1225 1136 re„

284 1176 358 1217 vara
381 1165 434 1218 est
480 1160 572 1234 Quod
597 1179 672 1241 ergo
698 1161 769 1221 huie
796 1161 907 1221 malo*
899 1161 1090 1220 inveniemus
1111 1149 1207 1220 reuse·

283 1241 369 1300 diem
388 1242 514 1302 miseni?

363 1323 507 1404 Decimo
532 1346 614 1387 mors
637 1346 701 1387 nnn
723 1333 772 1387 est
793 1327 863 1386 talis
877 1325 1079 1408 ennaipientie
1093 1325 1206 1403 animo,

285 1407 385 1486 quatis
418 1420 472 1468 aut
506 1411 576 1490 ipse
605 1416 672 1488 est,
709 1417 764 1470 aut
790 1409 879 1470 nobie
908 1429 978 1469 esse
999 1408 1133 1483 videtur,
1155 1417 1209 1468 ant

285 1491 384 1569 qualis
413 1510 481 1551 esse
514 1499 658 1573 apparet,
693 1495 724 1552 in
746 1495 800 1570 iis,
835 1495 886 1571 qui
908 1492 946 1553 ab
969 1494 1047 1552 irato
1069 1492 1209 1570 De0,a

285 1578 387 1633 marte
407 1574 497 1651 vieti,
519 1579 592 1636 suut
611 1575 820 1636 eandemnati
864 1575 943 1636 Nam
966 1575 1106 1635 sitalem
1129 1593 1208 1635 mor·

285 1657 324 1716 tis
346 1656 454 1716 testem
478 1659 582 1719 animo
602 1659 753 1736 includas,
777 1659 957 1719 suueumbes
981 1660 1109 1738 etipse.

368 1736 429 1800 Sed
452 1742 497 1800 sie
521 1749 568 1802 est
589 1743 781 1820 senientiam,
806 1742 931 1818 oeulos
965 1759 1018 1801 eor
1041 1750 1073 1801 et
1094 1743 1207 1822 eogita-

286 1824 386 1882 tionee
409 1831 478 1884 tuas
500 1844 609 1885 omnes
637 1825 676 1886 ab
698 1825 753 1885 illa
775 1826 881 1885 martis
902 1825 983 1885 faeie
1003 1831 1144 1901 avertes,
1178 1833 1209 1885 et

285 1906 381 1967 teiam
403 1909 468 1967 eiua
490 1909 655 1990 imaginem
678 1909 817 1968 includes
836 1910 956 1984 aninin
986 1908 1085 1986 qualis
1108 1909 1184 1968 est
1176 1927 1207 1968 ιιι

283 1990 338 2065 iis,
361 1991 466 2068 quiin
489 1992 623 2051 Domino
645 1987 894 2067 obdormierunt
917 1999 948 2051 et
969 1992 1109 2050 vicerunt
1130 2009 1208 2051 mnr-

285 2079 364 2147 teni
396 2075 565 2170 praecipue
587 2081 689 2135 autem
713 2076 812 2154 qualis
835 2059 935 2134 estin
959 2070 1102 2164 Christo
1128 2083 1208 2154 post,

285 2119 415 2233 quasis
406 2175 437 2215 ιιι
461 2156 582 2218 sanetis
605 2177 729 2238 quoqne
750 2159 871 2256 ipsius
871 2164 927 2218 est.

247 2271 253 2280 ·
369 2239 430 2314 Qui
452 2241 545 2300 tatem
567 2245 676 2302 mortis
697 2242 807 2302 faeiem
831 2235 934 2302 an'imo
957 2241 1145 2320 eoueipiunt,
1167 2241 1210 2299 vi·

284 2321 360 2380 deut
387 2341 456 2384 eam
478 2340 542 2384 non
564 2325 697 2405 amplius
718 2325 944 2387 formidabilem
972 2332 1003 2384 et
1024 2323 1209 2384 horrendam

285 2424 373 2485 esee,
407 2406 462 2467 sed
485 2414 696 2488 contemptam
723 2416 755 2469 et
782 2411 1014 2488 intetemptam,
1037 2409 1211 2486 pervitam

286 2506 412 2567 quaque
438 2489 590 2551 devictam
620 2498 651 2551 et
681 2500 866 2571 superatam.
909 2490 943 2550 In
974 2490 1097 2551 Christo
1126 2491 1209 2549 enim

286 2578 319 2631 et
339 2572 462 2632 Sanane
484 2575 549 2633 eius
569 2574 634 2633 vita
657 2580 719 2649 est,
742 2590 844 2651 neque
866 2572 929 2631 ulla
951 2573 1058 2631 mertis
1080 2573 1212 2651 vestigia

286 2660 446 2734 apparent.
680 2673 683 2679 ’

369 2736 493 2812 Quanto
528 2739 620 2817 igitur
655 2739 764 2798 altius*
780 2737 873 2797 telem
904 2737 1013 2797 mortis
1044 2738 1211 2815 imaginem

285 2822 391 2880 animo
412 2822 619 2901 impresseris,
642 2828 729 2881 tanto
750 2822 819 2899 ipsa
841 2838 923 2879 mors
947 2821 1044 2899 magis
1067 2818 1209 2879 obseura·

285 2904 376 2982 bitur,
398 2913 429 2963 et
451 2906 519 2964 eine
540 2904 604 2963 ullo
627 2904 734 2965 tabere
757 2910 933 2964 evanescet.
966 2903 1111 2963 Paestum
1135 2920 1209 2980 qun-

286 3006 346 3065 que
369 3004 425 3047 aon
444 2989 517 3065 erit,
551 2994 584 3046 ut
612 2989 643 3048 in
665 3002 745 3067 paee
767 3004 838 3047 eum
860 2985 982 3046 Christo
996 2982 1135 3045 *inlinitur
1157 2984 1210 3045 nb-

286 3070 435 3145 dermiat,
467 3072 547 3130 siant
570 3071 605 3129 in
626 3070 818 3151 Apocalypsi
845 3068 998 3129 seribitur:
1032 3069 1134 3144 Beati,
1158 3068 1209 3147 qui
1324 3123 1327 3129 .

285 3155 316 3212 in
339 3154 474 3213 Domino
496 3154 564 3213 lesu
585 3154 763 3213 muniuntur.

370 3235 428 3295 Est
453 3242 555 3296 autem
583 3236 673 3296 huius
702 3237 746 3296 rei
771 3234 1004 3315 elegantissima
1032 3232 1130 3313 tignus
1150 3233 1209 3294 Nu-

286 3336 346 3379 maz
369 3323 425 3381 21:
457 3320 619 3398 titinnius,
652 3321 702 3402 qui
730 3337 751 3378 a
783 3316 976 3397 serpentibus
1007 3317 1084 3376 laesi
1114 3328 1209 3397 arant,

287 3420 350 3461 nnn
372 3402 594 3481 depugnabant
615 3421 683 3462 eum
706 3400 914 3480 serpentibus,
943 3398 998 3459 sed
1019 3399 1064 3459 ilii
1086 3410 1211 3461 aereum'

287 3484 672 3628 ttt'ttsttstffit
687 3483 1211 3629 ἰῖξὶἓίἰίξῗιίῗιξῗῖιῗῗὲὧιῗέ

213 3634 217 3639 ’
286 3652 339 3711 Sia
358 3614 497 3747 quoqne,
533 3650 558 3708 si
587 3575 759 3711 iii‘ohrtsti
794 3656 923 3709 mortem
952 3648 1069 3730 defiges
1100 3612 1210 3711 mentis

286 3734 411 3810 uastos,
433 3735 526 3792 vitem
549 3735 694 3810 reperim.
737 3732 791 3793 Sin
813 3738 916 3792 autem
940 3733 1031 3794 aliam
1054 3733 1208 3813 quendem

287 3819 396 3878 mertis
417 3814 596 3895 eeneeperia
616 3815 800 3897 imaginem,
833 3815 1015 3878 suaaumbes
1033 3825 1064 3878 et
1084 3817 1209 3897 peribis.

286 3902 385 3962 Reate
415 3900 509 3979 iginii
535 3896 722 3980 (Ἀπίων)
754 3897 848 3959 dixit.
883 3899 917 3961 in
943 3901 1059 3963 mundo
1085 3900 1209 3979 quidem

360 4070 393 4137 ·)
407 4069 507 4124 Jum.
527 4069 571 4126 ta.
