3075 4775
379 508 445 629 illl)
612 564 705 620 &sut
722 550 752 619 l.
772 561 860 635 super
875 546 1072 634 Proposltie‘ne

467 753 529 816 Sed
551 769 611 836 age
631 755 739 833 latius,
762 756 787 815 si
811 754 937 816 omnino
961 753 1000 815 ad
1021 754 1156 837 rigorem
1173 750 1302 826 ist-urm)

383 840 616 920 grammaticum
639 858 673 899 se
694 839 861 917 recipiunt,
889 836 970 918 qnod
994 836 1051 898 soli
1074 838 1166 898 Petro
1190 836 1305 897 dictum

382 929 445 983 est:
467 922 514 983 'l'u
537 942 570 982 es
593 922 709 997 Petrus,
729 921 799 983 Tibi
821 921 902 982 dabo
920 921 1022 981 claves
1046 929 1122 998 etc,
1146 919 1305 999 quomoda

382 1007 560 1066 resistemus
581 1005 761 1080 haereticis,
785 1006 810 1065 si
832 1006 883 1085 qui
904 1005 965 1065 hcc
986 1010 1093 1065 uostrc
1114 1004 1218 1085 rigore
1242 1023 1306 1065 ver·

383 1090 491 1149 borum
514 1090 578 1149 nixi
599 1096 808 1171 resurgeret
829 1094 860 1149 et
882 1086 999 1149 dicant:
1027 1086 1119 1165 Esto,
1143 1086 1182 1147 ad
1205 1087 1305 1147 solum

385 1172 508 1233 Petrum
531 1173 610 1233 haec
631 1172 714 1233 dicta
735 1179 816 1245 sunt,
839 1192 913 1252 ergo
935 1190 998 1233 nun
1021 1171 1059 1231 ad
1082 1188 1306 1237 successorem,
1380 1168 1381 1249 f

384 1274 459 1337 ergo
481 1257 633 1317 ecclesiae
662 1256 767 1316 claves
795 1274 863 1315 cum
886 1256 976 1316 Petro
998 1261 1150 1315 venerunt
1170 1260 1202 1314 et
1224 1254 1306 1315 abic-

382 1346 462 1400 runt.
485 1340 545 1401 Ubi
567 1358 641 1419 ergo
664 1358 746 1399 nuuc
768 1339 921 1399 ecelesia?
942 1338 1012 1399 Nun
1037 1339 1116 1399 eru'm
1140 1336 1179 1397 ad
1201 1338 1306 1417 plures

383 1424 537 1503 pertinere
550 1428 664 1502 potest,
687 1422 769 1501 quod
784 1422 822 1482 ad
836 1442 929 1482 unum
944 1411 1063 1499 (licitur,
1084 1423 1163 1481 sicut
1176 1420 1305 1487 illufflt:

382 1506 462 1566 Gum·
481 1506 582 1566 iunior
604 1525 699 1580 esses,
722 1506 869 1587 cingebas
891 1511 923 1566 te
945 1512 1014 1582 eta,
1037 1504 1119 1584 qnod
1142 1503 1181 1564 ad
1204 1504 1305 1567 solum

384 1590 505 1650 Petrum
527 1590 570 1649 ita
599 1589 714 1649 dictum
737 1596 801 1670 est,
830 1597 862 1649 ut
885 1608 953 1649 cum
975 1588 1066 1649 Petro
1088 1588 1253 1668 impletum
1278 1594 1307 1647 et

383 1672 501 1732 linitum
524 1674 572 1748 sit,
594 1672 633 1732 ad
654 1672 772 1732 nullum
796 1692 1006 1734 successorem
1030 1674 1094 1731 ains
1116 1673 1286 1753 pertinens.

467 1755 497 1822 si
520 1761 623 1817 autem
644 1756 685 1816 ad
707 1775 903 1817 successures
931 1763 963 1817 et
983 1754 1117 1834 aliquam
1140 1752 1305 1815 ecclesiam

384 1839 497 1899 dietum
521 1843 578 1915 est,
601 1841 663 1899 iam
676 1840 763 1901 nulla
784 1841 905 1900 ratione
916 1838 1071 1919 prohiberi
1094 1844 1208 1919 petest,
1232 1839 1305 1917 quin

385 1923 423 1982 ad
438 1942 546 1983 omnes
561 1922 673 1982 dictum
697 1924 745 2001 sit,
767 1924 830 1983 imo
846 1924 1021 1983 necessaria
1034 1922 1156 1983 ratione
1170 1920 1209 1981 ad
1233 1936 1306 2001 apu-

384 2006 482 2067 stnlcs
505 2026 624 2081 omues,
646 2007 698 2085 qui
712 2012 893 2087 praesentes
912 2012 1008 2084 erant,
1030 2006 1139 2085 magis,
1163 2004 1305 2085 quemad

384 2091 472 2149 unius
495 2087 576 2151 Petri
600 2108 806 2165 successores,
829 2090 880 2171 qui
903 2086 1039 2151 nundum
1064 2094 1167 2165 erant,
1191 2086 1306 2150 dictum

386 2173 564 2251 accipietur.
588 2170 679 2249 Quod
700 2174 725 2231 si
748 2172 787 2233 ad
811 2192 918 2234 omnes
933 2172 1106 2255 apostolos,
1129 2172 1191 2237 iam
1213 2173 1305 2233 etiam

384 2254 425 2315 ad
449 2256 585 2316 omnium
608 2254 831 2337 apostolorum,
854 2261 885 2317 et
905 2275 968 2319 nou
982 2254 1218 2336 uniusapostoli
1242 2274 1306 2317 suu-

392 2357 532 2400 cesscres
555 2338 668 2400 dictum
690 2338 880 2420 intelligitur.

487 2420 548 2482 Sed
568 2421 757 2502 respondeat
778 2429 882 2484 tamen
905 2423 978 2484 mihi
1002 2424 1053 2501 qui
1075 2429 1195 2502 potest,
1226 2421 1305 2500 quis·

384 2525 454 2565 narn
475 2505 646 2566 credendus
669 2508 708 2567 sit
719 2505 836 2568 habere
857 2507 971 2582 claves,
994 2507 1086 2566 etiam
1107 2507 1138 2566 iu
1161 2503 1306 2568 Romana

382 2587 534 2648 ecclesia?
556 2589 604 2650 An
628 2590 696 2668 ipsa
719 2589 866 2668 ecclesia,
898 2587 976 2670 an²l
1001 2588 1103 2672 papa?
1127 2593 1158 2650 et
1178 2585 1305 2646 attende

382 2668 464 2749 quod
487 2670 567 2734 dico.
603 2668 734 2747 Quando
757 2672 842 2748 Papa
865 2671 1004 2753 eligitur,
1027 2691 1066 2736 an
1089 2691 1194 2735 secum
1218 2667 1307 2733 affert

381 2752 485 2816 claves
508 2754 585 2834 an2)
611 2756 696 2816 non?
719 2753 750 2816 Si
774 2755 877 2836 affert,
910 2775 985 2836 ergo
1014 2761 1080 2820 erat
1101 2773 1199 2834 papa,
1222 2759 1304 2816 ante·

382 2857 473 2918 quam
496 2839 671 2918 eligeretur,
693 2839 718 2900 si
740 2858 803 2904 non
825 2837 923 2918 effert,
946 2858 965 2898 a
987 2857 1048 2918 quo
1064 2837 1198 2921 accipit?
1221 2856 1305 2918 num·

382 2920 453 3002 quid
477 2921 515 2982 ab
537 2921 651 3002 angelo
673 2921 712 2981 de
735 2921 848 2983 coela?
869 2941 973 2982 noune
996 2921 1034 2986 ab
1052 2919 1204 3004 ecclesia?
1227 2917 1305 2985 ltetn

382 3003 505 3082 quando
529 3024 611 3084 papa
633 3006 777 3082 moritur,
809 3006 856 3064 cui
885 3005 1030 3084 relinquit
1058 3003 1174 3068 caves?
1204 3003 1307 3073 ¹aufert
1380 3051 1381 3060 ,

383 3088 585 3149 eas-secum?
614 3087 645 3147 si
667 3107 731 3148 non
754 3088 869 3164 aufert,
892 3087 941 3150 cui
962 3087 1106 3167 relinquit
1128 3087 1187 3162 nisi
1209 3085 1305 3149 eccle·
1380 3105 1381 3140 ς

308 3168 313 3174 ’
382 3171 462 3245 siae,
485 3191 505 3230 a
526 3169 625 3249 qua³)
651 3171 792 3251 accepit?
817 3166 895 3248 Quid
914 3171 1006 3254 igitur
1028 3176 1133 3252 potest
1149 3169 1210 3232 dici
1234 3188 1304 3230 eun.

382 3260 428 3312 tra
455 3253 535 3313 hauc
572 3252 833 3316 evidentissimam
875 3253 1119 3334 experientiam,
1156 3253 1305 3332 optimam

382 3337 534 3416 evangelii
557 3338 771 3421 interpretem,
802 3337 905 3397 claves
935 3357 994 3397 nec
1016 3337 1125 3416 Petra,
1147 3355 1207 3396 nec
1241 3353 1305 3394 suc·

382 3421 514 3498 cessuri,
558 3419 613 3480 sed
636 3421 695 3480 suli
719 3420 870 3480 acclesiae
893 3419 999 3496 datas,
1034 3437 1136 3496 aqua
1158 3427 1304 3498 tanquam

383 3502 521 3562 minister
542 3504 664 3582 accipit,
686 3523 795 3563 usurus
813 3504 857 3562 eis
879 3503 1037 3566 sacerdos,
1081 3501 1141 3562 Ubi
1154 3521 1240 3562 nunc
1261 3504 1305 3560 est

384 3584 466 3661 quad
490 3586 548 3644 soli
571 3586 663 3646 Petra
693 3586 808 3646 dictum
843 3605 912 3646 esse
946 3591 1085 3666 putatur:
1118 3585 1187 3646 Tibi
1223 3584 1302 3644 debu

383 3667 496 3740 claves,
519 3669 597 3745 imo,
620 3669 672 3729 ubi
695 3688 777 3729 nunc
799 3674 861 3745 est,
885 3669 966 3746 quud
990 3669 1048 3729 soli
1071 3668 1225 3728 ecclesiae
1247 3669 1303 3728 uo-

383 3770 492 3810 mauae
514 3750 618 3811 claves
641 3751 732 3812 datae
754 3752 846 3813 sunt?
878 3751 1014 3814 Necesse
1037 3758 1099 3826 est,
1123 3755 1157 3812 ut
1180 3753 1210 3811 in
1235 3769 1303 3832 qua·

382 3834 458 3894 libet
478 3833 611 3894 ecclesia
632 3834 738 3896 claves
760 3838 831 3912 siut,
852 3840 885 3895 ut
906 3834 970 3896 dixi
992 3853 1093 3916 supra.
1122 3868 1128 3872 ·
1247 3853 1250 3861 ’

556 3971 761 3981 *m-

419 4021 449 4082 1]
470 4021 499 4070 ln
520 4017 563 4072 ed.
576 4018 651 4071 Jemt
670 4022 782 4075 iustum.
820 4021 853 4086 2)
875 4023 904 4075 ln
917 4020 959 4076 ed.
972 4024 1079 4092 priore:
1101 4012 1162 4075 vel!
1174 4022 1203 4084 3t
1222 4017 1303 4076 thie:
1380 4045 1381 4056 t

384 4106 484 4159 a‘1¹¹0·
523 4087 739 4156 *lJohan.21‚
954 4089 957 4097 Α
1021 4093 1023 4100 ,
1138 4099 1141 4105 ,
1197 4085 1242 4100 .,
