3075 4775
480 576 486 587 ·
566 570 585 609 a
601 556 723 611 notariis
740 563 867 627 excepta
1127 549 1191 625 215

349 742 413 805 sed
434 760 577 803 maneam
599 742 629 802 in
652 743 825 825 principali,
847 745 919 823 qaia
941 750 1104 824 peccatum
1126 754 1189 808 nou

264 833 371 889 manet
393 827 593 906 impunitum,
627 824 795 887 secundum
818 828 1040 908 Augustinum,
1071 827 1189 911 urago»

265 912 353 971 rium.
401 909 502 985 Quare
536 909 706 971 satisfactio
740 912 851 971 merito
882 912 972 971 tertia
990 926 1063 991 pass
1084 914 1191 991 poeni

265 995 382 1054 tentiae
404 990 558 1053 asseritur.
603 992 643 1052 lit
665 994 757 1073 plens
780 993 924 1074 probavit
944 994 1134 1074 Augustinus
1155 997 1190 1057 ist

265 1077 384 1154 Euan,
415 1078 661 1156 perorationem
696 1076 883 1138 dominicam
915 1090 974 1137 nos
1013 1078 1192 1139 satisfacere

266 1182 323 1241 pro
348 1159 500 1221 scelerata
530 1161 634 1240 gestis.
677 1158 717 1221 Et
746 1166 780 1220 ut
805 1178 879 1221 aare
907 1159 986 1220 dinit
1013 1160 1078 1219 heri
1107 1181 1191 1223 reve·

266 1243 383 1305 modus
404 1243 512 1320 Pater,
541 1243 624 1303 Deus
646 1244 719 1303 iecit
740 1250 863 1324 pactum
887 1261 956 1303 cum
979 1238 1131 1323 ecclesia,
1164 1246 1191 1305 sl

267 1324 488 1391 ecclesianos
511 1326 600 1403 iacit,
622 1326 706 1387 Deus
728 1327 810 1387 facit.
851 1326 937 1407 Ergo
958 1326 1058 1387 habeo
1080 1336 1191 1406 propit⁴

267 1412 360 1471 situm
378 1409 638 1471 Scholasticorum
660 1417 694 1470 et
715 1410 971 1486 Praedioautium,
995 1410 1078 1490 quod
1102 1420 1190 1491 spot*

268 1496 312 1555 tet
333 1493 385 1553 vel
407 1512 464 1552 nos
488 1484 679 1572 satisfacere,
712 1501 767 1553 aut
790 1494 874 1553 Deus
895 1494 1008 1575 exiget.
1028 1503 1032 1514 ’
1051 1490 1142 1567 Quod
1162 1495 1191 1555 sl

268 1576 502 1657 perorationes
525 1582 647 1636 nocuas
678 1575 727 1636 vel
751 1576 835 1637 bona
859 1593 956 1655 opera
977 1573 1190 1654 sadsiacimss,

269 1678 322 1720 cur
343 1658 419 1719 illud
441 1678 504 1720 non
518 1666 625 1738 posset
647 1660 710 1719 lieri
734 1657 902 1720 accedente
916 1662 1026 1720 virtute
1048 1659 1191 1738 clavium,

270 1762 345 1823 quas
369 1728 453 1802 Deus
475 1761 536 1803 non
560 1742 671 1803 frustra
693 1762 768 1803 suae
790 1748 926 1823 sponsae
946 1743 1098 1803 sociemus
1119 1757 1191 1804 cont

269 1827 345 1888 tulit.
389 1825 430 1886 ln
451 1844 520 1885 cum
549 1828 635 1886 iuxta
664 1826 806 1906 Gregorii
837 1827 1023 1886 sententiam
1052 1833 1119 1889 nem
1143 1818 1191 1887 De
1301 1868 1305 1873 ι

270 1917 375 1971 cetero
397 1912 435 1983 2,
458 1928 487 1987 q.
513 1912 544 1972 7.
568 1909 618 1969 alii
642 1910 779 1989 episcopi
803 1915 875 1969 sunt
895 1909 998 1969 vocati
1020 1909 1050 1968 in
1073 1919 1190 1988 partem

271 1990 503 2066 sollicitudinis,
539 2012 621 2072 papa
652 1992 745 2055 habet
774 1991 995 2072 plenitudinem
1018 1993 1190 2071 potestatis,

270 2096 324 2158 per
347 2072 555 2154 indulgentias
588 2076 626 2136 ab
663 2094 701 2137 co
733 2075 821 2137 datas
849 2074 960 2135 satisfit
987 2094 1107 2155 poenae
1134 2096 1191 2156 pro

270 2159 408 2239 peccatis
438 2156 577 2235 debitae,
610 2159 764 2218 solutione
796 2179 835 2218 ex
863 2159 1008 2219 thesauro
1039 2144 1192 2221 ecclesiae

268 2244 366 2318 iacta,
403 2246 436 2301 ut
466 2247 538 2320 post
559 2240 677 2301 Bixtum
711 2242 881 2301 declaravit
901 2242 986 2321 Papa
1014 2241 1191 2319 madenitls,

269 2324 489 2408 praecipiendo
511 2323 566 2385 sub
589 2344 692 2405 poena
716 2325 1047 2387 excommunicationis
1068 2326 1113 2387 ita
1138 2322 1190 2385 80⁴

270 2411 344 2486 ceri,
367 2410 472 2468 teneri
488 2415 518 2467 et
539 2409 719 2488 praedicari.
755 2407 856 2483 Quare
880 2409 906 2468 si
926 2409 1115 2469 reverendus
1137 2398 1192 2470 Pa·
1234 2426 1238 2437 ’

272 2501 319 2553 ter
343 2497 454 2552 contra
474 2490 601 2568 doceat,
633 2491 791 2573 praedicat
811 2492 862 2552 vel
884 2491 1035 2572 disputet,
1062 2493 1122 2551 iarn
1143 2499 1193 2553 est
1242 2491 1248 2500 '

272 2575 471 2636 anathemate
499 2589 672 2655 percussus.
716 2574 835 2635 Placuit
865 2582 967 2634 tamen
997 2575 1087 2653 mihi,
1110 2575 1192 2654 quod
1299 2567 1305 2583 “

273 2660 356 2720 ultra
379 2657 498 2717 clavem
523 2661 683 2737 potestatis
710 2658 776 2718 heri
803 2659 907 2736 posuit
934 2657 1053 2718 clavem
1082 2657 1193 2718 discre-

273 2742 378 2817 tiouis,
401 2759 468 2800 cum
493 2747 595 2800 tamen
617 2739 847 2820 plures‘olaves
869 2747 977 2800 contra
990 2739 1194 2801 scholasticos

273 2826 427 2886 Doctores
450 2830 543 2903 neget
565 2823 708 2887 Conclus.
730 2829 761 2887 7.
784 2823 982 2884 Resolutouii.

356 2906 444 2966 Haec
465 2906 547 2966 volui
576 2907 703 2967 omnino
726 2906 876 2982 adiicere,
905 2912 939 2966 ut
965 2905 1057 2966 ilituri
1077 2904 1195 2966 iudices

273 2991 409 3072 apertius
432 2988 654 3070 intelligerent,
684 3009 763 3069 quae
785 2997 892 3050 nostra
913 2996 998 3050 esset
1018 2993 1194 3048 controver-

273 3076 319 3134 sia
348 3075 381 3132 iu
403 3072 465 3132 hoc
491 3080 622 3152 puncto,
657 3075 814 3151 qnoniam,
845 3073 871 3132 si
892 3071 1080 3132 reverendos
1102 3053 1196 3132 l'ster

274 3164 338 3248 stat
358 3157 531 3216 sententiae
551 3157 719 3216 Doctorum
742 3169 799 3235 per
820 3172 869 3216 ma
891 3155 1109 3236 allegatotum,
1132 3163 1195 3214 non

274 3238 487 3300 adversabitur
508 3257 566 3298 nec
588 3239 805 3317 Scholasticis,
840 3259 899 3299 nec
920 3237 1196 3315 Praedicatorlliits,

274 3343 333 3384 neo
356 3322 438 3383 mihi.
462 3320 563 3395 Quare
583 3325 608 3382 si
631 3322 772 3400 voluerit,
794 3324 887 3383 etiam
906 3322 1089 3382 senteutiam
1109 3331 1195 3382 ausiti
1296 3321 1300 3331 '

275 3426 331 3486 pro
366 3404 581 3466 informatione
610 3404 805 3474 dominorum
833 3405 966 3465 iudicum
1001 3405 1115 3486 poterit
1136 3404 1223 3471 c‘lsss

274 3491 336 3550 rius
355 3487 540 3568 exprimens.
1023 3519 1030 3528 ,

542 3653 582 3713 M.
627 3652 933 3736 liutherus,

361 3818 408 3880 Ad
438 3820 513 3878 istas
541 3818 667 3880 naenias
701 3825 734 3878 et
759 3818 892 3898 ineptias
914 3819 950 3888 l).
973 3819 1013 3901 D,
1032 3819 1098 3879 heri
1120 3821 1197 3879 satis

276 3902 438 3983 respondi,
473 3902 584 3982 repetit
612 3902 693 3961 euim
720 3900 847 3979 eadem,
880 3908 912 3961 et
943 3902 1028 3962 velut
1053 3901 1198 3961 ridiculus

278 3985 474 4048 citharoedus
497 3984 612 4045 chorda
635 3999 758 4064 semper
780 3984 905 4046 oberrat
926 3984 1047 4045 eadem.

361 4067 504 4132 Secundo
523 4075 651 4148 scopant
665 4071 894 4130 oonuoversise
917 4079 980 4129 non
995 4067 1104 4146 attigit.
1121 4065 1197 4128 lidii
