3075 4775
340 560 404 629 386
642 563 787 617 'li-m
805 562 916 617 Lnthari

341 748 486 811 Horatius
519 752 577 810 ait:
609 749 717 811 Coena
750 748 852 811 brevis
881 748 968 808 iuvat
996 754 1027 809 et
1047 767 1145 830 prope
1167 748 1270 807 rivum

343 852 470 893 somnus
491 834 522 892 in
545 833 650 894 herba
691 832 732 892 lit
747 832 868 893 Eoeles.
891 833 946 895 31:
969 830 1102 894 Somnus
1125 832 1270 891 sanitatis

341 918 372 975 in
403 915 528 977 homine
561 935 672 996 pareo,
705 914 818 976 dormit
845 933 943 994 usque
970 934 1081 993 mane,
1110 920 1141 975 et
1162 915 1270 975 anima

341 1000 437 1079 ipsius
459 1018 522 1059 non
545 1000 614 1080 ipso
629 998 840 1061 delectabitur.
865 996 968 1073 Quare
982 1018 1054 1059 vere
1066 998 1176 1059 dieitur
1195 1016 1270 1077 pro·

342 1081 469 1143 verbio:
491 1080 652 1144 Jueundae
674 1080 858 1143 collationes
881 1084 1077 1162 vespertinae
1099 1082 1200 1142 tristes
1225 1080 1268 1140 fa·

343 1167 426 1225 oiunt
449 1167 624 1226 matutinas.
667 1166 810 1245 Denique
832 1165 988 1227 serotinae
1002 1164 1135 1226 fabellae
1156 1170 1189 1224 et
1209 1182 1267 1243 po·

341 1251 474 1309 tationes
501 1248 689 1339 destructum
718 1254 827 1329 peetus
843 1286 845 1296 -
860 1252 891 1309 el
918 1249 1079 1314 confusum
1110 1254 1203 1329 eaput
1224 1246 1267 1305 fa

342 1334 442 1407 aiunl,
466 1352 557 1392 mane
579 1347 653 1395 vera
674 1332 819 1397 refotum
841 1334 928 1397 omni
947 1331 1132 1413 grauedine,
1154 1330 1268 1411 pituita

343 1423 376 1476 et
396 1414 582 1497 phlegmate.
605 1414 693 1489 Quae
715 1416 791 1477 mire
811 1415 984 1497 impediunt
1005 1414 1174 1477 sacerdotis
1197 1411 1265 1473 offi-

341 1500 420 1559 aium
445 1507 508 1558 tum
531 1498 640 1560 orandi
664 1506 728 1559 tum
742 1497 946 1560 sacrifieandi.
970 1498 1071 1575 Quare
1096 1504 1129 1557 ut
1149 1496 1200 1556 hio
1223 1496 1266 1555 vi·

341 1581 419 1660 giles
441 1581 590 1643 adversus
609 1581 642 1642 id
664 1582 786 1642 mamm
796 1582 1080 1663 generalissimum,
1110 1599 1180 1641 sero
1216 1598 1267 1639 eo-

340 1665 414 1743 gita,
437 1663 518 1743 quod
542 1684 604 1727 non
628 1665 743 1746 poteris
765 1665 895 1746 perdere
911 1684 1083 1746 vesperum,
1105 1665 1178 1743 quin
1201 1682 1268 1723 om·

341 1748 414 1808 nino
444 1747 494 1807 vel
521 1767 620 1829 prope
641 1747 811 1830 perdideris
840 1754 871 1809 ei
892 1768 983 1809 mane
1012 1756 1044 1809 et
1065 1754 1162 1807 totum
1185 1746 1276 1806 diens

340 1838 528 1910 sequentem.
573 1830 711 1912 Experto
735 1831 848 1911 erede,
878 1833 904 1892 si
937 1851 1001 1893 non
1023 1830 1191 1895 credideris
1215 1850 1267 1889 ex-

340 1922 437 1994 perto,
459 1920 605 1995 expertus
628 1914 702 1975 olim
725 1914 842 1975 eredes.
882 1938 889 1947 ·

561 2098 602 2159 Π.
645 2095 691 2160 De
715 2094 910 2159 sacerdotum
937 2094 1049 2159 studio.

422 2248 561 2328 Vespere
572 2251 700 2310 omnino
722 2248 841 2331 aliquid
863 2268 902 2310 ex
926 2250 1020 2309 saeris
1044 2248 1142 2311 literis
1164 2256 1266 2309 teeum

339 2333 369 2391 in
392 2330 487 2392 eorde
507 2332 588 2393 ieras
609 2333 659 2393 ad‘
672 2332 806 2414 laetum,
842 2350 903 2414 qno
925 2332 1010 2394 velut
1032 2330 1180 2393 mundum
1202 2332 1266 2394 ani-

340 2415 400 2474 mal
430 2417 587 2477 ruminans
610 2417 745 2477 snamter
766 2415 957 2478 obdormias:
997 2434 1059 2477 non
1089 2417 1128 2476 sit
1161 2423 1266 2478 autem

340 2499 483 2577 multum,
517 2499 571 2560 sed
600 2502 703 2582 potins
726 2499 898 2578 modicum,
927 2499 1008 2562 bene
1029 2501 1198 2585 cogitatum
1222 2507 1267 2562 at-

338 2601 398 2662 que
417 2583 619 2662 intellectum,
641 2581 725 2664 qood
748 2600 840 2644 mane
862 2599 991 2666 surgens
1013 2583 1098 2644 velut
1118 2583 1266 2662 reliquias

308 2682 312 2700 ¹
339 2667 491 2727 serotinas
518 2669 664 2746 reperias.
702 2665 779 2726 Item
813 2670 844 2727 in
879 2667 962 2727 omni
984 2666 1086 2728 studio
1110 2683 1266 2727 sacrarum

339 2750 492 2810 literarum
527 2752 654 2811 omnino
684 2749 723 2810 de
745 2751 870 2833 ingenio
905 2755 936 2810 et
963 2749 1072 2813 labore
1100 2749 1265 2830 desperau-

338 2832 410 2892 dum
433 2840 498 2911 est,
537 2833 592 2894 sed
614 2850 682 2892 enm
707 2832 818 2893 timore
838 2841 879 2894 ·et
901 2833 1071 2894 humilitate
1093 2847 1115 2893 a·
1134 2833 1201 2894 Deo
1221 2833 1266 2895 in·

339 2915 494 2976 teileotnm
519 2916 574 2976 tibi
596 2920 694 2996 petas.
737 2915 855 2978 ideireo
880 2934 948 2976 eum
971 2916 1109 2981 oodioem
1132 2915 1266 3000 aeoedia,

338 2999 445 3060 oeulos
481 3006 512 3058 et
540 2999 642 3060 nordis
677 3005 708 3059 et
741 3001 880 3080 eorporis
910 3000 1039 3080 primum
1075 3002 1105 3060 in
1139 2999 1264 3060 eoelum

339 3083 441 3143 eleves
463 3081 503 3142 ad
524 3081 689 3159 Christum,
711 3083 798 3143 brevi
821 3083 953 3167 suspirio
969 3083 1033 3146 eius
1055 3083 1185 3166 gratiuun
1206 3085 1262 3144 im·

337 3165 503 3245 plorando,
540 3166 622 3247 quod
651 3165 736 3226 idem
759 3168 882 3248 saepius
905 3165 1079 3230 iaciendum
1115 3171 1163 3226 esi
1185 3167 1267 3228 inter

337 3247 511 3330 legendum,
533 3249 588 3310 sed
611 3255 645 3309 ut
667 3248 752 3310 diens
776 3253 807 3312 et
828 3251 963 3332 eogites:
986 3251 1044 3328 Da,
1065 3250 1209 3330 Domine,
1232 3257 1266 3311 nt

337 3338 369 3390 et
389 3332 468 3392 haee
488 3338 572 3393 reete
592 3331 784 3414 intelligam,
809 3335 906 3414 magis
929 3341 962 3396 ut
984 3339 1015 3397 et
1035 3335 1155 3395 faciam.
1200 3333 1264 3395 led

337 3432 413 3475 eave
435 3415 576 3476 omnibns
598 3415 711 3494 modia,
732 3435 773 3477 ne
794 3417 867 3478 ideo
890 3419 996 3497 oupias
1019 3415 1143 3478 studere
1165 3434 1264 3498 saera,

338 3505 370 3558 ut
392 3499 469 3560 velis
493 3499 707 3562 tantummodo
730 3501 811 3560 seire
833 3508 864 3562 et
885 3501 1059 3582 intelligere
1077 3505 1158 3578 (uon
1181 3503 1265 3562 enim

336 3580 429 3642 eredo
453 3589 483 3642 te
505 3590 695 3643 temerasse
716 3583 856 3644 Minerva
877 3603 956 3663 esse,
979 3593 1014 3645 ut
1034 3583 1197 3662 honorem,
1221 3584 1265 3645 lu-

337 3683 421 3724 orum
445 3672 498 3724 ant
517 3666 648 3746 gloriam
672 3669 833 3750 quaeras),
855 3667 918 3730 imo
952 3687 1011 3728 nee
1032 3673 1065 3730 ut
1085 3667 1162 3728 velia
1185 3668 1266 3729 alios

336 3748 465 3811 dooere:
488 3752 564 3809 satis
586 3740 641 3811 tibi
664 3758 729 3811 tuta
751 3752 791 3810 s'it
809 3751 966 3832 cogitatio,
991 3759 1095 3831 potest
1117 3751 1198 3811 enim
1222 3752 1267 3812 ibi

337 3832 545 3892 oeeultissime
582 3834 678 3894 latere
705 3834 905 3915 kenodoxia,
943 3835 997 3896 sed
1030 3854 1157 3920 prorsus
1188 3835 1267 3896 n'ihil

336 3933 466 3992 quaeras
488 3915 547 3974 nisi
567 3908 706 3993 gloriam
724 3917 804 3995 Dei,
832 3913 874 3978 ita
908 3925 941 3978 ut
963 3919 1007 3978 sio
1029 3921 1071 3980 sis
1094 3919 1266 3979 animatus:

334 3995 427 4075 Elooe,
450 3997 570 4076 optima
589 3999 720 4060 Domina
734 3999 820 4082 Jasn,
843 4001 868 4061 si
889 4019 953 4069 mou
976 4012 1023 4065 est
1044 4003 1106 4062 hon
1128 4002 1265 4066 studium

334 4080 516 4159 ingloriam
538 4088 644 4160 tuam,
665 4102 751 4162 argo
781 4104 821 4146 ne
848 4085 951 4156 isaiae¹
975 4104 1026 4149 me
1048 4087 1087 4148 ad
1109 4086 1264 4165 syllabam
