3075 4775
347 548 412 617 270
597 552 687 610 Boioi.
709 553 735 614 lt
753 569 838 625 snper
855 552 1043 625 Propontide.

348 738 410 801 boo
430 740 511 801 enim
534 749 581 801 eet
602 749 720 806 mutere
743 742 920 805 mendetum
942 743 1016 821 Dei,
1043 742 1099 807 ted
1130 744 1277 824 ignomit,

348 822 431 903 quod
456 825 554 885 minue
576 825 713 887 faunus.
757 826 829 887 Non
859 835 961 888 nutem
985 829 1121 909 ignoeeit
1141 832 1274 889 sterten-

350 905 446 985 tibus,
475 906 530 967 sed
552 908 767 989 operantibus,
796 910 973 974 timentibus
1000 918 1036 973 et
1052 929 1123 973 oum
1144 909 1207 972 iob
1228 910 1275 971 di·

329 989 503 1079 ·eentibue:
527 990 665 1056 Verebar
693 995 798 1054 omniu
829 1012 924 1075 opero
951 1013 1038 1074 mee,
1067 995 1168 1056 eniens
1195 1011 1275 1071 quo

347 1074 430 1131 niem
469 1091 532 1133 non
572 1077 673 1154 perois
707 1075 907 1156 delinquenti.
963 1077 1009 1139 Illi
1037 1096 1111 1139 vero
1146 1076 1274 1153 dooent,

348 1155 431 1235 quod
453 1164 561 1237 pereat
582 1156 789 1238 delinquenti,
815 1160 887 1221 dnm
910 1159 1025 1237 dieunt,
1045 1180 1112 1225 non
1133 1160 1271 1238 requirit.

348 1238 432 1301 Cere
453 1259 547 1320 ergo,
579 1260 617 1301 ne
640 1253 730 1321 putee
752 1262 772 1303 e
793 1249 824 1303 te
845 1261 909 1303 non
930 1246 1042 1323 requiri
1065 1250 1164 1305 totum
1181 1262 1273 1304 ›mnn-

348 1321 474 1400 detum,
509 1343 549 1385 ne
577 1325 656 1393 forte
676 1326 802 1406 ignores
832 1333 862 1387 te
885 1336 1031 1406 quantum
1053 1326 1170 1389 debent
1190 1323 1274 1402 Deo,

275 1457 277 1461 ,
347 1425 384 1465 nn
405 1425 460 1486 per
481 1406 541 1469 boe
563 1408 784 1487 superbiente
805 1410 926 1490 tepidue
948 1408 1029 1487 fleu,
1050 1411 1182 1491 gretiam
1205 1412 1273 1471 eine

346 1488 523 1567 fastidiens,
545 1489 585 1551 ed
607 1492 698 1570 quem
721 1500 862 1571 tequam
884 1494 1018 1556 maxime
1040 1512 1152 1574 urgere
1172 1493 1273 1553 voluit

346 1570 492 1633 mundato
515 1572 569 1633 tibi
590 1574 782 1655 impossibili.

428 1672 461 1732 ln
491 1672 552 1733 fine
586 1675 695 1735 iterum
724 1676 837 1737 indueo
866 1676 1037 1737 orationem
1072 1674 1271 1746 dominieem,

285 1826 295 1843 .
347 1774 425 1835 quee
448 1754 516 1817 sole
538 1756 606 1836 plue
626 1765 665 1819 et
687 1759 795 1821 melino
817 1759 917 1823 erudit
944 1762 1074 1822 animem
1108 1758 1146 1821 de
1170 1757 1269 1819 libero

345 1838 492 1918 arbitrie,
520 1844 618 1919 gretie
639 1848 671 1901 et
692 1849 838 1921 peooeto,
873 1861 963 1922 quem
987 1861 1095 1903 omnes
1116 1842 1269 1901 recentio-

347 1942 413 1983 rum
438 1920 653 2002 theologorum
677 1924 745 1985 libri
765 1933 798 1985 et
817 1926 956 2006 argutiae
977 1924 1229 2005 disputationum.

426 2021 485 2097 Qui
509 2043 583 2104 ergo
608 2033 687 2085 oret:
719 2024 932 2086 Senotifleetur
956 2044 1069 2086 nomen
1091 2032 1193 2101 tunm,
1216 2044 1271 2104 pe-

249 2128 254 2140 ·
344 2105 381 2164 tit
401 2108 467 2165 eine
482 2104 585 2185 dubio,
608 2104 691 2189 quod
704 2128 776 2181 ,non
793 2108 904 2187 bebet3
926 2110 1084 2169 nonenim
1107 2107 1188 2168 detis
1203 2124 1269 2167 ver-

346 2188 390 2247 bie
413 2188 495 2268 epud
519 2190 617 2250 Deum
648 2191 754 2251 ludere
783 2192 875 2271 lieet,
907 2193 931 2251 ti
962 2212 1023 2254 non
1051 2191 1160 2267 hebet,
1192 2210 1268 2271 ergo

344 2272 481 2351 pollutor
509 2280 556 2333 eet
578 2271 608 2347 ¹)
641 2277 775 2336 nominis
803 2276 872 2339 Dei
916 2276 958 2335 At
985 2294 1098 2336 nomen
1119 2274 1174 2335 Dei
1205 2293 1268 2334 non

343 2354 546 2434 senodfloere,
569 2356 623 2418 ted
640 2358 791 2438 polluere,
814 2359 884 2420 leve
907 2358 1140 2420 existimamus?

424 2457 469 2518 lte
492 2460 540 2536 qui
564 2465 645 2518 oret:
679 2457 819 2540 Regnum
843 2461 899 2520 Dei
914 2445 1084 2538 ementire,
1111 2456 1196 2538 quod
1219 2465 1269 2520 est
1338 2491 1345 2497 ·

340 2543 456 2602 iustitie
480 2549 513 2601 et
534 2559 605 2622 pex,
630 2547 661 2602 et
682 2544 760 2602 intra
783 2563 841 2604 noe
867 2544 918 2624 (ut
940 2543 1077 2605 Christus
1100 2551 1131 2602 et
1151 2538 1267 2602 Paulus

339 2626 489 2704 docent),
508 2643 612 2686 nonne
628 2625 792 2687 confitetur
814 2647 849 2687 ee
872 2627 1015 2694 iniustum
1039 2634 1071 2687 et
1085 2627 1201 2686 inttitin
1222 2627 1268 2684 in·

340 2707 518 2790 digentem?
560 2707 607 2768 At·
623 2707 700 2769 been
722 2716 813 2770 orent
840 2728 902 2771 non
925 2712 984 2772 niei
1017 2707 1071 2771 [ilii
1092 2709 1167 2785 Dei,
1195 2709 1268 2768 iusti

339 2800 371 2854 et
392 2791 499 2854 saneti.
1135 2802 1139 2810 ·

423 2908 491 2989 Ite,
514 2911 566 2990 qui
588 2909 679 2976 dioit:
702 2911 769 2972 Fiet
791 2910 933 2974 voluntte
950 2917 1027 2988 tun,
1040 2929 1145 2975 nonne
1166 2909 1267 2972 rebel·

340 2995 399 3056 lem
423 3014 456 3055 ee
473 2993 544 3055 Deo
567 3012 635 3054 esee
659 2992 842 3055 confitetur?
864 2995 912 3054 An
936 3014 999 3056 non
1021 3001 1072 3057 eet
1091 3000 1266 3074 pennatum,

339 3079 396 3142 Dei
419 3077 607 3140 voluntetem
631 3096 693 3140 non
716 3076 808 3138 lieri?
851 3077 910 3140 Ubi
932 3097 1015 3138 nuno
1036 3077 1164 3140 liberum
1185 3076 1267 3137 erbi-

338 3161 449 3224 trinm?
479 3161 610 3222 Annon
633 3160 683 3222 bie
705 3159 743 3220 de
765 3180 800 3221 ee
822 3160 984 3242 desperet,
1014 3160 1053 3222 ed
1076 3159 1174 3221 eolern
1196 3179 1266 3240 gre-

339 3246 413 3306 tiem
435 3244 582 3324 confugit,
602 3261 667 3306 non
689 3245 748 3309 niti
761 3252 922 3324 pennatum
941 3243 999 3306 eibi
1021 3243 1135 3319 tribuit,
1157 3249 1189 3302 et
1210 3244 1266 3304 im·

339 3326 499 3408 possibilie
522 3326 667 3398 mendete
675 3327 733 3390 Dei
754 3326 812 3390 sibi
835 3346 905 3391 etee
920 3325 1108 3390 confltetur?
1130 3323 1191 3387 Ubi
1214 3326 1266 3389 bio

267 3465 271 3480 ,
338 3417 386 3472 eet
408 3410 525 3487 fouere,
548 3409 631 3490 quod
653 3412 684 3470 in
707 3430 742 3471 ee
764 3417 829 3489 eet,
850 3411 974 3490 quondo
996 3412 1066 3471 iueti
1086 3417 1196 3487 orent,
1233 3414 1268 3472 et

337 3500 517 3574 peooetoree
541 3513 610 3557 sese
633 3499 681 3556 tot
702 3493 802 3556 modis
825 3493 1038 3555 confitentur?
1061 3495 1105 3554 lte
1127 3493 1265 3562 inomni

338 3597 391 3641 ore
413 3576 490 3638 heeo
513 3578 611 3639 oratio
635 3577 777 3640 volvitur.
820 3576 861 3637 lit
888 3577 988 3639 edbue
1016 3574 1155 3656 theologi
1189 3574 1276 3640 libe.

337 3681 402 3724 rum
433 3659 604 3736 arbitrium,
638 3668 816 3740 petentum,
859 3663 989 3742 gretiam
1018 3667 1066 3720 tot
1093 3658 1204 3721 studiis
1234 3665 1269 3720 et

337 3743 568 3824 quaestionibus
588 3763 653 3816 ⁴non
666 3744 860 3822 invenerunt,
881 3744 954 3824 quid
976 3744 1090 3805 ieoinnt
1111 3750 1169 3804 eut
1190 3760 1266 3820 poe·

335 3829 405 3893 eint.
441 3826 546 3898 Recito
569 3845 644 3906 ougo
668 3827 750 3907 dixi,
780 3834 924 3907 oportere
945 3827 1101 3890 bominem
1126 3825 1166 3886 de
1193 3826 1262 3887 suit

349 4004 500 4014 -.----

374 4107 400 4170 t)
419 4102 449 4155 ln
469 4101 530 4155 edd.
550 4102 636 4169 orig:
656 4107 704 4153 eet.
