3075 4775
351 530 415 597 382
594 535 687 591 Ruol.
708 535 735 587 L.
754 548 841 605 uper
857 533 1054 603 Propositlone

354 724 421 798 ortt,
443 739 506 782 non
529 741 549 783 e
569 721 713 783 Romsno
734 722 885 803 episcopo
909 739 1018 782 ornnes
1040 723 1206 803 episcopos
1229 740 1277 783 or-

353 805 469 883 dinari,
501 804 558 865 ssd
587 826 605 864 a
626 804 867 884 provincialibus
890 806 1056 885 episcopis,
1079 804 1199 876 dicens:
1236 804 1277 865 ln

353 895 403 966 nt,
432 889 460 949 si
488 888 567 949 forte
592 889 623 947 in
646 886 819 948 ordinando
843 890 1006 968 episcopo,
1043 889 1104 949 dno
1131 889 1181 947 vel
1215 896 1276 948 loos

353 990 410 1051 pro
433 972 536 1051 alique
557 973 757 1032 contentione
784 970 984 1049 dissentient,
1015 972 1201 1051 reliquorum
1223 990 1276 1031 oo-

355 1055 472 1132 tontes,
496 1064 529 1115 et
552 1055 717 1134 praecipue
738 1054 983 1134 metropolitani,
1005 1074 1074 1114 oonr
1097 1055 1206 1115 coleris
1229 1053 1277 1113 fir-

356 1138 436 1198 mior
457 1137 614 1198 habentor.
659 1136 815 1214 Obsecro,
848 1138 920 1217 quid
948 1138 1078 1218 emplius
1100 1138 1203 1197 locere
1225 1138 1276 1197 de-

355 1222 438 1281 beo?
479 1220 549 1281 Non
580 1222 655 1280 sotis
676 1229 740 1299 est,
777 1219 858 1299 qnod
886 1221 1029 1282 Romano
1050 1219 1189 1301 pontifici
1212 1239 1277 1281 om-

353 1305 416 1382 nia,
437 1322 517 1383 qnae
538 1304 742 1383 sibinrrogot
764 1304 864 1364 libens
886 1303 964 1364 cedo
976 1304 1016 1381 ¹),
1034 1304 1133 1365 debeo
1150 1306 1277 1384 insuper

353 1388 501 1469 probare,
531 1387 615 1466 qnod
636 1386 713 1447 hoec
735 1387 870 1447 Decreta
891 1397 963 1447 sont
984 1394 1162 1469 contempte
1183 1394 1216 1447 et
1236 1388 1277 1447 ir·

353 1473 446 1531 ritate
467 1471 601 1532 humano
624 1471 713 1530 onius
734 1471 874 1550 episcopi
896 1470 1042 1531 arbitrio?

435 1588 564 1647 Decima
596 1595 704 1666 quarta
718 1586 773 1668 ²),
806 1587 886 1647 idem
922 1586 1071 1649 Nicennm
1110 1586 1276 1652 concilium

353 1672 500 1754 episcopo
522 1670 822 1753 Hierosolymitano‚
844 1690 906 1731 non
930 1672 1072 1733 Romano
1095 1670 1200 1732 tribuit
1220 1670 1276 1731 ho·

353 1756 436 1816 noris
467 1754 649 1834 primatum,
683 1754 789 1814 dicens
818 1751 947 1815 ibidem:
985 1754 1024 1815 Et
1058 1761 1091 1813 ut
1124 1756 1276 1835 episcopo

353 1837 637 1919 Hierosolymorum
668 1838 835 1917 antiquitus
864 1836 975 1898 tradita
1000 1838 1128 1898 honoris
1149 1856 1277 1917 proero-

352 1922 457 2005 gativa
479 1928 636 1996 servetur,
660 1928 803 1980 manente
825 1920 1022 1981 nihilominus
1044 1928 1076 1981 et
1097 1918 1276 2001 metropoli·

353 2006 416 2067 toni
438 2006 447 2063 i
471 2007 533 2065 sius
578 2004 735 2065 rovincise
757 2002 915 2084 dignitato.
961 2004 1047 2064 Doce
1070 2023 1137 2083 me,
1166 2002 1278 2079 lector,

353 2086 425 2167 quid
447 2024 619 2149 pacienpum
642 2088 699 2164 sit,
721 2085 845 2165 quondo
869 2088 1027 2147 nonsatis
1052 2092 1115 2163 est,
1149 2104 1198 2145 me
1222 2085 1277 2145 ho-

353 2172 460 2231 diemo
483 2178 623 2251 tempore
645 2169 795 2247 confiteri,
818 2170 906 2230 Rom.
923 2168 1101 2250 pontificem
1124 2188 1193 2229 esse
1216 2169 1278 2252 pri·

354 2274 446 2330 mum,
468 2254 527 2315 nisi
550 2254 679 2313 mentior
701 2271 824 2332 qnoque
847 2260 878 2313 et
899 2271 1009 2333 negem
1033 2253 1124 2312 olium
1143 2252 1278 2332 antiqui-

355 2343 402 2397 tus
425 2336 519 2397 fuisse
543 2338 688 2416 primum,
722 2342 753 2398 et
779 2336 855 2397 tenti
877 2336 999 2398 concilii
1022 2336 1177 2398 autoritati
1203 2336 1278 2396 resi-

355 2428 442 2484 stam.
492 2421 649 2501 [Denique
680 2421 711 2479 in
746 2420 878 2480 concilio
912 2420 1031 2481 Niceno
1066 2421 1165 2500 primo
1201 2419 1276 2480 loco

355 2502 473 2565 sedisse
494 2504 633 2566 scribitur
654 2501 852 2584 Eustachius‚
889 2504 1102 2565 Antiochense
1125 2502 1278 2564 ecclesiae
1353 2501 1367 2511 '

355 2589 529 2669 episcopus,
553 2608 615 2648 non
628 2587 797 2664 Romanos,
810 2605 869 2650 neo
878 2587 1010 2668 Legatos
1022 2588 1110 2647 Rom.
1135 2587 1277 2668 episcopi

354 2671 405 2733 lib.
425 2674 453 2734 2.
477 2673 580 2752 tripar.
603 2677 672 2735 osi).
696 2670 779 2750 quod
802 2679 885 2732 esset
905 2669 1101 2731 intolerabile
1123 2667 1276 2733 hodierno

354 2756 409 2816 iuri
432 2754 522 2815 Rom.
540 2754 697 2837 Episcopi,
719 2773 778 2814 neo
801 2763 902 2817 tamen
925 2753 995 2815 ideo
1017 2755 1189 2816 haereticus
1212 2753 1279 2832 fnit,

355 2844 408 2900 aut
427 2838 577 2898 Nicenum
601 2834 763 2898 concilium
788 2839 964 2900 contraius
987 2837 1122 2899 divinum
1145 2837 1234 2918 egil]

437 2956 566 3016 Decimo
586 2955 708 3034 quinta,
736 2957 762 3016 si
785 2956 927 3017 Romane
954 2955 1087 3016 eooleoia
1110 2964 1157 3016 est
1177 2958 1275 3035 prima

353 3048 480 3120 propter
506 3041 637 3118 primuni
667 3038 841 3116 apostolum
866 3038 1009 3116 Petrum,
1041 3039 1147 3100 eadem
1170 3058 1277 3108 neees-

355 3125 446 3186 sitate
474 3121 704 3199 confitebimur,
741 3129 773 3184 et
796 3121 1081 3202 Compostollnnsm
1110 3121 1276 3182 ecelesiam

355 3225 425 3268 esse
445 3205 613 3268 secundam
643 3212 769 3284 propter
791 3205 966 3285 apostolum
995 3204 1029 3266 fl.
1049 3205 1212 3283 mentum,
1243 3215 1277 3266 et

354 3289 544 3370 Ephesinem
567 3290 688 3350 tertiam
710 3295 836 3368 propter
865 3288 1040 3368 apostolum
1064 3290 1200 3362 tertium,
1231 3291 1277 3350 lo-

354 3372 504 3451 honncm,
534 3380 566 3434 et
586 3372 632 3434 sic
652 3391 708 3451 per
729 3372 867 3434 ordinem
889 3373 1112 3453 apostolorum.
1154 3373 1196 3434 At
1216 3373 1277 3432 iste

355 3455 444 3536 ordo,
468 3455 614 3536 numquid
636 3455 795 3517 servatur?
838 3454 907 3530 Quo
928 3457 995 3518 iure
1017 3475 1091 3538 ergo
1114 3457 1198 3518 solns
1222 3455 1276 3516 Pe-

355 3547 419 3600 ttns
450 3541 578 3618 primam
608 3540 681 3600 facit
711 3539 892 3616 ecclesiam,
923 3541 983 3600 nisi
1014 3539 1171 3602 humano?
1215 3539 1278 3600 Cur

356 3642 430 3702 ergo
453 3622 815 3704 Constantinopolitmo,
849 3641 928 3701 qnae
949 3623 1064 3684 nullom
1085 3623 1179 3684 habet
1200 3641 1276 3702 spo-

355 3708 485 3787 stolum,
518 3707 687 3786 praefertur
716 3705 853 3768 secundo
883 3706 954 3770 loeo
982 3705 1277 3786 compostellanos?

356 3789 417 3850 Gur
438 3789 663 3869 Alexandrina,
699 3810 779 3870 quae
808 3796 839 3852 et
860 3792 928 3870 ipsa
950 3789 1065 3850 nullum
1087 3788 1180 3850 hebet
1200 3807 1277 3868 spo-

355 3874 482 3951 stolpsn
501 3873 671 3952 praefertur
692 3872 889 3954 Ephesinae?
911 3872 974 3934 Ouo
990 3873 1185 3934 Antiochene
1208 3874 1278 3933 sine
1359 3955 1363 3968 ί

381 4106 392 4113 -.
410 4067 446 4133 1)
463 4064 497 4118 ln
515 4063 558 4118 cd.
576 4066 682 4132 priora:
702 4064 794 4119 modo.
821 4065 853 4133 2)
874 4064 957 4120 min:
978 4070 1078 4135 qnnrto
1096 4064 1205 4120 decimo
1223 4071 1274 4120 cto.
