3075 4775
932 300 1378 315 φήῃ-...Μ

570 584 587 623 a
604 570 727 625 norma
745 577 870 641 excepta
1121 557 1184 636 1'05

266 764 309 821 tur
328 756 484 835 conditio,
507 760 566 819 nisi
589 778 645 820 sna
665 760 834 839 paternitas
857 757 939 820 aliud
960 756 1073 821 habeat
1094 778 1185 821 evan·

266 842 396 924 galium,
427 860 521 920 quam
543 862 614 924 ego.
656 842 699 903 At
719 843 818 923 qualis
841 841 954 905 debeat
979 862 1049 905 esse
1069 851 1185 923 pastor,

267 924 441 1007 significans
464 924 627 1004 Christus,
660 924 858 987 dilectionem
882 933 913 985 et
933 944 1071 990 amorem
1092 925 1150 987 Dei
1167 946 1187 989 a

267 1010 351 1069 Petro
375 1010 504 1088 quaerit,
527 1016 559 1070 et
579 1010 624 1070 sio
646 1028 715 1069 eum
738 1016 896 1089 pastorem
918 1010 1011 1071 totius
1034 1009 1187 1071 ecclesiae

265 1092 347 1169 fecit,
381 1092 461 1153 siout
478 1093 564 1153 canit
581 1089 613 1153 S.
638 1099 735 1153 mater
758 1092 915 1165 ecclesia,
946 1099 978 1154 et
998 1089 1186 1155 reverendus

264 1175 352 1237 Pater
379 1181 449 1237 orat
475 1175 526 1237 vel
547 1176 645 1257 legit:
681 1174 729 1237 'lir
755 1181 849 1257 eaput
879 1176 1052 1251 eeclesiae,
1079 1182 1187 1257 pastor

265 1260 364 1319 ovium
388 1264 448 1322 ete.
491 1257 593 1334 Quare
620 1260 686 1319 iure
715 1259 820 1320 divino
844 1257 992 1320 habemus
1023 1259 1187 1336 hocloco,

265 1341 375 1403 debere
398 1342 570 1420 praelatum
594 1341 722 1423 diligere
742 1342 860 1417 Deum,
893 1340 1043 1403 habemus
1065 1342 1187 1405 Petrum
1295 1362 1299 1373 ¹

265 1424 461 1486 coustitutum
495 1433 651 1504 pastorem
682 1427 806 1505 ovium,
840 1422 928 1486 sicdti
952 1424 983 1487 S.
1009 1424 1194 1507 Gregorius,

262 1507 290 1572 S.
304 1506 487 1569 Ambrosius
510 1516 543 1573 et
553 1508 794 1589 chrysostomus
818 1510 910 1569 etiam
931 1508 1079 1588 Graecus,
1100 1506 1189 1569 intel·
1236 1534 1254 1543 ·

262 1590 410 1651 lexerunt.
868 1640 871 1646 .

342 1672 415 1735 Non
436 1674 529 1736 refert
549 1675 725 1755 praetenuis
747 1674 940 1751 ratiuncula,
967 1676 999 1735 in
1034 1674 1188 1737 diversum

263 1777 281 1817 a
300 1756 473 1818 reverendo
495 1757 586 1818 Patre
607 1756 752 1838 inducta,
775 1758 897 1819 Petrum
919 1777 982 1819 non
1006 1776 1114 1820 omnes
1136 1778 1189 1841 pa

264 1840 365 1917 risse,
403 1839 487 1919 quod
509 1845 614 1908 uostm
637 1842 764 1901 nomine
785 1843 908 1923 agitur,
940 1847 972 1925 et
999 1861 1057 1903 nos
1079 1842 1190 1903 secisse

263 1923 401 2000 dicimur,
423 1923 503 1990 sicut
524 1922 669 1987 Clemens
681 1926 731 1987 21.
755 1924 820 1987 uiti.
843 1923 945 2008 distin,
969 1930 1108 1999 testatur,
1132 1923 1189 1986 Pe·

263 2014 340 2067 tmm
363 2005 525 2067 ordinasse
547 2006 756 2087 presbyteros,
778 2008 954 2088 episcopos,
978 2014 1009 2067 et
1030 2006 1189 2087 diaconos,

264 2090 314 2168 qui
335 2108 393 2169 per
413 2089 590 2152 universnm
613 2090 720 2152 orbem
742 2091 1109 2171 terrarumssevangelium
1145 2110 1190 2153 se-

264 2173 501 2250 minarent,1ut
527 2172 639 2254 legitur
658 2174 690 2233 in
712 2173 873 2253 comdiis,
895 2175 944 2237 80.
967 2173 1017 2234 vel
1039 2176 1089 2241 81.
1121 2173 1190 2235 dist.

264 2254 357 2317 Unde,
375 2255 486 2315 missus
506 2275 529 2319 a
547 2256 719 2337 principali,
742 2258 821 2321 siout
841 2258 898 2318 fuit
919 2256 950 2317 S.
971 2256 1104 2335 Paulus,
1126 2277 1189 2319 non

262 2339 384 2420 cogitur
395 2338 473 2400 mitti
495 2338 534 2401 ab
547 2338 643 2421 ipsius
654 2333 781 2418 vicario,
796 2347 900 2402 tamen
914 2340 1026 2402 Paulus
1037 2336 1066 2423 ¹)
1083 2360 1189 2404 ascen·

263 2421 307 2482 dit
340 2441 410 2482 oum
431 2421 518 2500 Tito,
544 2423 584 2484 ad
606 2422 694 2488 Gala.
716 2426 768 2499 2.,
804 2430 835 2486 et
856 2423 986 2486 contulit
1008 2444 1076 2486 cum
1098 2425 1189 2487 Patro

264 2524 343 2565 evan
367 2504 471 2585 elium,
494 2506 545 2585 qui
567 2506 719 2568 dederunt
739 2508 766 2568 ei
790 2506 949 2568 dexteram
972 2508 1139 2570 societatis.

344 2525 453 2667 {0er
475 2587 566 2668 quod
580 2589 665 2650 cudit
684 2591 715 2650 in
738 2609 788 2650 me
809 2591 965 2672 glossam,
994 2609 1150 2670 nunqnam
1173 2611 1192 2652 a

265 2691 312 2731 me
335 2673 525 2752 cogitatam,
548 2673 636 2751 quasi
657 2670 805 2735 dixerim:
829 2671 1004 2734 Aedificare
1026 2692 1118 2755 supra
1140 2693 1191 2755 pe-

265 2749 352 2832 tram,
376 2755 416 2815 sit
438 2753 564 2816 subesse
585 2755 676 2818 Rom.
698 2755 864 2834 Pontifici,
886 2776 905 2817 o
928 2757 1059 2832 somnia,
1082 2776 1100 2818 o
1124 2777 1190 2836 ver-

264 2837 372 2898 borum
401 2845 565 2918 portento,
585 2859 749 2920 ‘uunquam
782 2839 844 2900 hoc
875 2840 932 2900 fuit
959 2840 1070 2900 mentis
1094 2859 1191 2901 meae.
1240 2893 1244 2906 ,
1293 2885 1297 2892 .
1351 2847 1359 2860 “

264 2919 402 2982 Christus
425 2921 506 2981 enim
528 2919 672 2982 aedificat
693 2922 873 2996 ecelesiam,
905 2941 968 2982 non
999 2922 1031 2982 hi
1053 2922 1103 3001 qui
1124 2921 1192 3000 sub·

265 3010 352 3145 ant,
388 3002 501 3064 subditi
532 3005 613 3064 enim
642 3005 825 3067 aedificatae
857 3005 1010 3066 eeclesiae
1038 3023 1107 3066 esse
1141 3005 1192 3068 de·

302 3094 347 3149 nt.
661 3099 669 3110 ‘
1203 3149 1205 3152 .

289 3154 294 3170 “
344 3170 393 3230 De
416 3167 569 3250 Gregorio
593 3168 804 3249 Ariminensi,
833 3169 919 3232 euius
942 3171 1096 3232 sententia
1118 3170 1193 3235 mihi

265 3249 469 3332 displicet‘ei
490 3250 609 3332 placet·
624 3253 700 3317 nihil
720 3254 782 3326 iam
804 3254 844 3314 ad
867 3255 1070 3334 propositum.
1109 3253 1192 3316 Nolo

265 3353 338 3415 ergo
359 3337 392 3395 in
413 3336 474 3395 ista
495 3333 677 3396 diverticula
697 3335 896 3400 descendere.
931 3335 992 3398 Sed
1014 3343 1048 3398 ut
1069 3337 1188 3417 accepi·

206 3452 210 3465 ι
265 3435 352 3496 mus,
382 3417 583 3481 defendamus
610 3419 770 3480 articulum
792 3419 1036 3482 constantiensis
1068 3419 1191 3481 concilii

265 3519 334 3562 esse
356 3521 473 3578 verum,
495 3508 527 3561 et
548 3502 724 3581 quicunque
737 3502 808 3564 huic
828 3501 1058 3584 contradixerit,
1081 3523 1192 3583 errare,
1286 3565 1293 3576 ,

266 3592 296 3642 et
316 3585 437 3644 veritati
460 3581 491 3644 et
509 3583 621 3647 honori
644 3585 767 3645 concilii
790 3585 1013 3648 contradicere.
1111 3585 1112 3588 ’

386 3782 390 3800 ·
486 3763 635 3835 Mart.
673 3764 999 3863 Lutherua.⁴

349 3928 524 4008 Antequam
553 3928 593 3991 ad
616 3890 797 3992 autoritates
832 3951 922 3992 ame
954 3930 1115 4011 oppositas
1136 3945 1192 4013 ye-

305 4081 336 4149 ')
356 4075 387 4138 In
406 4083 448 4136 ed.
472 4074 574 4152 origin.
586 4092 601 4134 :⁴
620 4083 726 4136 Petrus.
