<?xml version="1.0" encoding="UTF-8"?>
<!DOCTYPE html PUBLIC "-//W3C//DTD XHTML 1.0 Transitional//EN"
    "http://www.w3.org/TR/xhtml1/DTD/xhtml1-transitional.dtd">
<html xmlns="http://www.w3.org/1999/xhtml" xml:lang="en" lang="en">
 <head>
  <title>
</title>
<meta http-equiv="Content-Type" content="text/html;charset=utf-8" />
  <meta name='ocr-system' content='tesseract 3.04.00' />
  <meta name='ocr-capabilities' content='ocr_page ocr_carea ocr_par ocr_line ocrx_word'/>
</head>
<body>
  <div class='ocr_page' id='page_1' title='image "./operalatinavari02schmgoog_0250.png"; bbox 0 0 3075 4775; ppageno 0'>
   <div class='ocr_carea' id='block_1_1' title="bbox 352 526 1056 635">
    <p class='ocr_par' dir='ltr' id='par_1_1' title="bbox 352 526 1056 635">
     <span class='ocr_line' id='line_1_1' title="bbox 352 526 1056 635; baseline 0.001 -25"><span class='ocrx_word' id='word_1_1' title='bbox 352 526 427 635; x_wconf 28' lang='grc' dir='ltr'><strong>Ι2ἱι4</strong></span> <span class='ocrx_word' id='word_1_2' title='bbox 474 540 481 563; x_wconf 56' lang='grc'><em>“</em></span> <span class='ocrx_word' id='word_1_3' title='bbox 613 554 703 609; x_wconf 84' lang='lat' dir='ltr'><strong>Resnl.</strong></span> <span class='ocrx_word' id='word_1_4' title='bbox 723 554 751 611; x_wconf 86' lang='lat' dir='ltr'><strong>L.</strong></span> <span class='ocrx_word' id='word_1_5' title='bbox 769 570 854 625; x_wconf 83' lang='lat' dir='ltr'><strong>super</strong></span> <span class='ocrx_word' id='word_1_6' title='bbox 872 555 1056 624; x_wconf 87' lang='lat' dir='ltr'><strong>Proposition.</strong></span> 
     </span>
    </p>
   </div>
   <div class='ocr_carea' id='block_1_2' title="bbox 364 739 1285 988">
    <p class='ocr_par' dir='ltr' id='par_1_2' title="bbox 364 739 1285 988">
     <span class='ocr_line' id='line_1_2' title="bbox 365 739 1283 822; baseline 0 -23"><span class='ocrx_word' id='word_1_7' title='bbox 365 758 430 799; x_wconf 89' lang='lat' dir='ltr'><strong>sum</strong></span> <span class='ocrx_word' id='word_1_8' title='bbox 453 740 592 818; x_wconf 82' lang='lat' dir='ltr'>reddere,</span> <span class='ocrx_word' id='word_1_9' title='bbox 615 740 686 801; x_wconf 91' lang='lat' dir='ltr'><strong>dum</strong></span> <span class='ocrx_word' id='word_1_10' title='bbox 705 741 778 801; x_wconf 91' lang='lat' dir='ltr'><strong>mihi</strong></span> <span class='ocrx_word' id='word_1_11' title='bbox 800 746 832 803; x_wconf 87' lang='lat' dir='ltr'><strong>at</strong></span> <span class='ocrx_word' id='word_1_12' title='bbox 845 741 1002 822; x_wconf 84' lang='lat' dir='ltr'>ingenium</span> <span class='ocrx_word' id='word_1_13' title='bbox 1025 747 1058 803; x_wconf 85' lang='lat' dir='ltr'><strong>st</strong></span> <span class='ocrx_word' id='word_1_14' title='bbox 1078 739 1283 803; x_wconf 81' lang='lat' dir='ltr'><strong>eruditionem</strong></span> 
     </span>
     <span class='ocr_line' id='line_1_3' title="bbox 364 824 1284 903; baseline -0.003 -18"><span class='ocrx_word' id='word_1_15' title='bbox 364 830 470 885; x_wconf 86' lang='lat' dir='ltr'><strong>nescio</strong></span> <span class='ocrx_word' id='word_1_16' title='bbox 499 831 641 903; x_wconf 84' lang='lat' dir='ltr'><strong>quantam</strong></span> <span class='ocrx_word' id='word_1_17' title='bbox 672 825 784 887; x_wconf 85' lang='lat' dir='ltr'><strong>tribuit.</strong></span> <span class='ocrx_word' id='word_1_18' title='bbox 827 824 904 885; x_wconf 86' lang='lat' dir='ltr'><strong>Nam</strong></span> <span class='ocrx_word' id='word_1_19' title='bbox 934 831 968 885; x_wconf 89' lang='grc' dir='ltr'><strong>ιιι</strong></span> <span class='ocrx_word' id='word_1_20' title='bbox 996 825 1172 885; x_wconf 85' lang='lat' dir='ltr'><strong>hos‘etiam</strong></span> <span class='ocrx_word' id='word_1_21' title='bbox 1194 824 1284 900; x_wconf 84' lang='lat' dir='ltr'><strong>scias,</strong></span> 
     </span>
     <span class='ocr_line' id='line_1_4' title="bbox 364 905 1285 988; baseline -0.001 -23"><span class='ocrx_word' id='word_1_22' title='bbox 364 926 413 965; x_wconf 89' lang='lat' dir='ltr'><strong>me</strong></span> <span class='ocrx_word' id='word_1_23' title='bbox 442 926 564 985; x_wconf 85' lang='lat' dir='ltr'><strong>qnoque</strong></span> <span class='ocrx_word' id='word_1_24' title='bbox 598 908 737 967; x_wconf 91' lang='lat' dir='ltr'><strong>nonnihil</strong></span> <span class='ocrx_word' id='word_1_25' title='bbox 765 907 883 988; x_wconf 83' lang='lat' dir='ltr'><strong>gloriae</strong></span> <span class='ocrx_word' id='word_1_26' title='bbox 913 907 1056 968; x_wconf 73' lang='lat' dir='ltr'><strong>rehtlisse</strong></span> <span class='ocrx_word' id='word_1_27' title='bbox 1083 927 1124 969; x_wconf 82' lang='lat' dir='ltr'><strong>ex</strong></span> <span class='ocrx_word' id='word_1_28' title='bbox 1151 905 1285 985; x_wconf 86' lang='lat' dir='ltr'><strong>disputa-</strong></span> 
     </span>
    </p>
   </div>
   <div class='ocr_carea' id='block_1_3' title="bbox 263 989 1285 1068">
    <p class='ocr_par' dir='ltr' id='par_1_3' title="bbox 263 989 1285 1068">
     <span class='ocr_line' id='line_1_5' title="bbox 263 989 1285 1068; baseline -0.001 -19"><span class='ocrx_word' id='word_1_29' title='bbox 263 1052 269 1063; x_wconf 55' lang='lat'><strong>,</strong></span> <span class='ocrx_word' id='word_1_30' title='bbox 363 990 448 1050; x_wconf 91' lang='lat' dir='ltr'><strong>tione</strong></span> <span class='ocrx_word' id='word_1_31' title='bbox 470 991 537 1052; x_wconf 87' lang='lat' dir='ltr'><strong>iata.</strong></span> <span class='ocrx_word' id='word_1_32' title='bbox 562 990 678 1053; x_wconf 81' lang='lat' dir='ltr'><strong>Tribuit</strong></span> <span class='ocrx_word' id='word_1_33' title='bbox 693 991 767 1051; x_wconf 91' lang='lat' dir='ltr'><strong>mihi</strong></span> <span class='ocrx_word' id='word_1_34' title='bbox 777 990 888 1051; x_wconf 81' lang='lat' dir='ltr'><strong>Eccius</strong></span> <span class='ocrx_word' id='word_1_35' title='bbox 911 991 1126 1068; x_wconf 86' lang='lat' dir='ltr'><strong>eruditionem,</strong></span> <span class='ocrx_word' id='word_1_36' title='bbox 1149 989 1285 1051; x_wconf 81' lang='lat' dir='ltr'><strong>tribuunt</strong></span> 
     </span>
    </p>
   </div>
   <div class='ocr_carea' id='block_1_4' title="bbox 281 1072 1286 1718">
    <p class='ocr_par' dir='ltr' id='par_1_4' title="bbox 281 1072 1286 1718">
     <span class='ocr_line' id='line_1_6' title="bbox 363 1072 1284 1155; baseline -0.002 -23"><span class='ocrx_word' id='word_1_37' title='bbox 363 1080 401 1143; x_wconf 80' lang='lat' dir='ltr'><strong>et¹</strong></span> <span class='ocrx_word' id='word_1_38' title='bbox 415 1072 596 1153; x_wconf 89' lang='lat' dir='ltr'><strong>Lipsenses,</strong></span> <span class='ocrx_word' id='word_1_39' title='bbox 624 1073 703 1133; x_wconf 87' lang='lat' dir='ltr'><strong>adeo</strong></span> <span class='ocrx_word' id='word_1_40' title='bbox 738 1074 903 1155; x_wconf 79' lang='lat' dir='ltr'><strong>(quantum</strong></span> <span class='ocrx_word' id='word_1_41' title='bbox 934 1074 1016 1135; x_wconf 86' lang='lat' dir='ltr'><strong>fama</strong></span> <span class='ocrx_word' id='word_1_42' title='bbox 1045 1074 1131 1154; x_wconf 89' lang='lat' dir='ltr'><strong>cepi)</strong></span> <span class='ocrx_word' id='word_1_43' title='bbox 1164 1080 1198 1133; x_wconf 95' lang='grc' dir='ltr'><strong>ιιι</strong></span> <span class='ocrx_word' id='word_1_44' title='bbox 1224 1074 1284 1131; x_wconf 89' lang='lat' dir='ltr'><strong>nisi</strong></span> 
     </span>
     <span class='ocr_line' id='line_1_7' title="bbox 362 1155 1285 1238; baseline -0.002 -23"><span class='ocrx_word' id='word_1_45' title='bbox 362 1155 457 1215; x_wconf 85' lang='lat' dir='ltr'><strong>Eccio</strong></span> <span class='ocrx_word' id='word_1_46' title='bbox 478 1156 680 1221; x_wconf 84' lang='lat' dir='ltr'><strong>laubsidiarias</strong></span> <span class='ocrx_word' id='word_1_47' title='bbox 709 1176 786 1237; x_wconf 86' lang='lat' dir='ltr'><strong>opes</strong></span> <span class='ocrx_word' id='word_1_48' title='bbox 814 1156 1008 1219; x_wconf 82' lang='lat' dir='ltr'><strong>suffecissent</strong></span> <span class='ocrx_word' id='word_1_49' title='bbox 1034 1158 1107 1238; x_wconf 90' lang='lat' dir='ltr'><strong>ipsi,</strong></span> <span class='ocrx_word' id='word_1_50' title='bbox 1130 1156 1285 1217; x_wconf 73' lang='lat' dir='ltr'><strong>fateantur</strong></span> 
     </span>
     <span class='ocr_line' id='line_1_8' title="bbox 361 1238 1286 1319; baseline 0 -22"><span class='ocrx_word' id='word_1_51' title='bbox 361 1238 485 1299; x_wconf 81' lang='lat' dir='ltr'><strong>Eccium</strong></span> <span class='ocrx_word' id='word_1_52' title='bbox 510 1260 527 1299; x_wconf 86' lang='lat' dir='ltr'><strong>a</strong></span> <span class='ocrx_word' id='word_1_53' title='bbox 549 1260 599 1299; x_wconf 88' lang='lat' dir='ltr'><strong>me</strong></span> <span class='ocrx_word' id='word_1_54' title='bbox 621 1240 714 1299; x_wconf 88' lang='lat' dir='ltr'><strong>fuisse</strong></span> <span class='ocrx_word' id='word_1_55' title='bbox 736 1246 940 1319; x_wconf 86' lang='lat' dir='ltr'><strong>prostratum,</strong></span> <span class='ocrx_word' id='word_1_56' title='bbox 974 1249 1067 1318; x_wconf 85' lang='lat' dir='ltr'><strong>atque</strong></span> <span class='ocrx_word' id='word_1_57' title='bbox 1087 1241 1132 1301; x_wconf 86' lang='lat' dir='ltr'><strong>ita</strong></span> <span class='ocrx_word' id='word_1_58' title='bbox 1153 1240 1286 1299; x_wconf 87' lang='lat' dir='ltr'><strong>victoria</strong></span> 
     </span>
     <span class='ocr_line' id='line_1_9' title="bbox 360 1322 1285 1406; baseline 0 -25"><span class='ocrx_word' id='word_1_59' title='bbox 360 1323 420 1383; x_wconf 92' lang='lat' dir='ltr'><strong>iam</strong></span> <span class='ocrx_word' id='word_1_60' title='bbox 444 1322 482 1383; x_wconf 90' lang='lat' dir='ltr'><strong>ab</strong></span> <span class='ocrx_word' id='word_1_61' title='bbox 505 1322 628 1383; x_wconf 82' lang='lat' dir='ltr'><strong>Eccio</strong></span> <span class='ocrx_word' id='word_1_62' title='bbox 621 1342 651 1383; x_wconf 90' lang='grc' dir='ltr'><strong>ιιι</strong></span> <span class='ocrx_word' id='word_1_63' title='bbox 674 1322 837 1403; x_wconf 87' lang='lat' dir='ltr'><strong>Lipsenses</strong></span> <span class='ocrx_word' id='word_1_64' title='bbox 858 1324 972 1403; x_wconf 78' lang='lat' dir='ltr'><strong>incipit</strong></span> <span class='ocrx_word' id='word_1_65' title='bbox 987 1325 1128 1406; x_wconf 83' lang='lat' dir='ltr'><strong>migrare.</strong></span> <span class='ocrx_word' id='word_1_66' title='bbox 1166 1322 1285 1383; x_wconf 84' lang='lat' dir='ltr'><strong>Rursus</strong></span> 
     </span>
     <span class='ocr_line' id='line_1_10' title="bbox 362 1405 1285 1502; baseline -0.001 -38"><span class='ocrx_word' id='word_1_67' title='bbox 362 1405 491 1480; x_wconf 88' lang='lat' dir='ltr'><strong>dieitur,</strong></span> <span class='ocrx_word' id='word_1_68' title='bbox 523 1406 608 1465; x_wconf 94' lang='lat' dir='ltr'><strong>illum</strong></span> <span class='ocrx_word' id='word_1_69' title='bbox 632 1405 826 1487; x_wconf 88' lang='lat' dir='ltr'><strong>magnificum</strong></span> <span class='ocrx_word' id='word_1_70' title='bbox 849 1413 1095 1486; x_wconf 85' lang='lat' dir='ltr'><strong>contemptorem</strong></span> <span class='ocrx_word' id='word_1_71' title='bbox 1116 1406 1285 1502; x_wconf 84' lang='lat' dir='ltr'><strong>Lipsenses</strong></span> 
     </span>
     <span class='ocr_line' id='line_1_11' title="bbox 281 1487 1283 1569; baseline 0 -22"><span class='ocrx_word' id='word_1_72' title='bbox 281 1548 284 1555; x_wconf 72' lang='grc'><strong>,</strong></span> <span class='ocrx_word' id='word_1_73' title='bbox 359 1487 503 1549; x_wconf 84' lang='lat' dir='ltr'><strong>habuisse</strong></span> <span class='ocrx_word' id='word_1_74' title='bbox 526 1508 580 1568; x_wconf 89' lang='lat' dir='ltr'><strong>pro</strong></span> <span class='ocrx_word' id='word_1_75' title='bbox 604 1488 692 1551; x_wconf 91' lang='lat' dir='ltr'><strong>bonis</strong></span> <span class='ocrx_word' id='word_1_76' title='bbox 716 1490 840 1569; x_wconf 90' lang='lat' dir='ltr'><strong>quidem</strong></span> <span class='ocrx_word' id='word_1_77' title='bbox 862 1489 1052 1568; x_wconf 90' lang='lat' dir='ltr'><strong>hominibus,</strong></span> <span class='ocrx_word' id='word_1_78' title='bbox 1086 1488 1196 1550; x_wconf 85' lang='lat' dir='ltr'><strong>sedin</strong></span> <span class='ocrx_word' id='word_1_79' title='bbox 1219 1490 1283 1567; x_wconf 92' lang='lat' dir='ltr'><strong>qui-</strong></span> 
     </span>
     <span class='ocr_line' id='line_1_12' title="bbox 360 1570 1285 1653; baseline 0.001 -22"><span class='ocrx_word' id='word_1_80' title='bbox 360 1570 415 1631; x_wconf 90' lang='lat' dir='ltr'><strong>bus</strong></span> <span class='ocrx_word' id='word_1_81' title='bbox 439 1571 531 1652; x_wconf 83' lang='lat' dir='ltr'><strong>longe</strong></span> <span class='ocrx_word' id='word_1_82' title='bbox 552 1572 640 1651; x_wconf 84' lang='lat' dir='ltr'><strong>plura</strong></span> <span class='ocrx_word' id='word_1_83' title='bbox 662 1581 838 1653; x_wconf 78' lang='lat' dir='ltr'><strong>sperasset,</strong></span> <span class='ocrx_word' id='word_1_84' title='bbox 869 1580 901 1633; x_wconf 92' lang='lat' dir='ltr'><strong>et</strong></span> <span class='ocrx_word' id='word_1_85' title='bbox 928 1592 963 1633; x_wconf 87' lang='lat' dir='ltr'><strong>se</strong></span> <span class='ocrx_word' id='word_1_86' title='bbox 985 1574 1084 1638; x_wconf 90' lang='lat' dir='ltr'><strong>solnm</strong></span> <span class='ocrx_word' id='word_1_87' title='bbox 1113 1573 1219 1633; x_wconf 85' lang='lat' dir='ltr'><strong>omnia</strong></span> <span class='ocrx_word' id='word_1_88' title='bbox 1241 1572 1285 1632; x_wconf 77' lang='lat' dir='ltr'><strong>fe</strong></span> 
     </span>
     <span class='ocr_line' id='line_1_13' title="bbox 360 1672 448 1718; baseline 0.057 -5"><span class='ocrx_word' id='word_1_89' title='bbox 360 1672 448 1718; x_wconf 84' lang='lat' dir='ltr'><strong>cisse.</strong></span> 
     </span>
    </p>
   </div>
   <div class='ocr_carea' id='block_1_5' title="bbox 359 1771 1288 2100">
    <p class='ocr_par' dir='ltr' id='par_1_5' title="bbox 359 1771 1284 2100">
     <span class='ocr_line' id='line_1_14' title="bbox 442 1771 1284 1852; baseline 0.001 -21"><span class='ocrx_word' id='word_1_90' title='bbox 442 1772 487 1831; x_wconf 89' lang='lat' dir='ltr'><strong>lta</strong></span> <span class='ocrx_word' id='word_1_91' title='bbox 522 1771 610 1833; x_wconf 88' lang='lat' dir='ltr'><strong>vides</strong></span> <span class='ocrx_word' id='word_1_92' title='bbox 637 1792 750 1835; x_wconf 89' lang='lat' dir='ltr'><strong>novam</strong></span> <span class='ocrx_word' id='word_1_93' title='bbox 776 1771 929 1852; x_wconf 86' lang='lat' dir='ltr'><strong>quandam</strong></span> <span class='ocrx_word' id='word_1_94' title='bbox 963 1772 1061 1833; x_wconf 89' lang='lat' dir='ltr'><strong>lliada</strong></span> <span class='ocrx_word' id='word_1_95' title='bbox 1088 1777 1120 1832; x_wconf 91' lang='lat' dir='ltr'><strong>et</strong></span> <span class='ocrx_word' id='word_1_96' title='bbox 1139 1771 1284 1833; x_wconf 84' lang='lat' dir='ltr'><strong>Aeneida</strong></span> 
     </span>
     <span class='ocr_line' id='line_1_15' title="bbox 363 1854 1284 1933; baseline 0.002 -20"><span class='ocrx_word' id='word_1_97' title='bbox 363 1854 434 1914; x_wconf 84' lang='lat' dir='ltr'><strong>illos</strong></span> <span class='ocrx_word' id='word_1_98' title='bbox 458 1862 591 1933; x_wconf 86' lang='lat' dir='ltr'><strong>cantare,</strong></span> <span class='ocrx_word' id='word_1_99' title='bbox 614 1864 644 1915; x_wconf 89' lang='lat' dir='ltr'><strong>et</strong></span> <span class='ocrx_word' id='word_1_100' title='bbox 667 1874 715 1915; x_wconf 86' lang='lat' dir='ltr'><strong>me</strong></span> <span class='ocrx_word' id='word_1_101' title='bbox 738 1856 846 1917; x_wconf 87' lang='lat' dir='ltr'><strong>saltem</strong></span> <span class='ocrx_word' id='word_1_102' title='bbox 869 1856 1005 1917; x_wconf 80' lang='lat' dir='ltr'><strong>Hectora</strong></span> <span class='ocrx_word' id='word_1_103' title='bbox 1026 1862 1058 1917; x_wconf 88' lang='lat' dir='ltr'><strong>et</strong></span> <span class='ocrx_word' id='word_1_104' title='bbox 1078 1854 1215 1915; x_wconf 81' lang='lat' dir='ltr'><strong>&#39;furnum</strong></span> <span class='ocrx_word' id='word_1_105' title='bbox 1237 1876 1284 1915; x_wconf 90' lang='lat' dir='ltr'><strong>ar-</strong></span> 
     </span>
     <span class='ocr_line' id='line_1_16' title="bbox 359 1937 1284 2035; baseline 0.001 -38"><span class='ocrx_word' id='word_1_106' title='bbox 359 1937 478 2015; x_wconf 86' lang='lat' dir='ltr'><strong>bitrari,</strong></span> <span class='ocrx_word' id='word_1_107' title='bbox 517 1958 578 2035; x_wconf 83' lang='lat' dir='ltr'><strong>quo</strong></span> <span class='ocrx_word' id='word_1_108' title='bbox 608 1939 691 1998; x_wconf 93' lang='lat' dir='ltr'><strong>illum</strong></span> <span class='ocrx_word' id='word_1_109' title='bbox 724 1938 874 1999; x_wconf 88' lang='lat' dir='ltr'><strong>Achillem</strong></span> <span class='ocrx_word' id='word_1_110' title='bbox 906 1946 936 1999; x_wconf 89' lang='lat' dir='ltr'><strong>et</strong></span> <span class='ocrx_word' id='word_1_111' title='bbox 965 1939 1105 2001; x_wconf 83' lang='lat' dir='ltr'><strong>Aeneam</strong></span> <span class='ocrx_word' id='word_1_112' title='bbox 1135 1946 1284 2017; x_wconf 86' lang='lat' dir='ltr'><strong>statuant,</strong></span> 
     </span>
     <span class='ocr_line' id='line_1_17' title="bbox 360 2021 1288 2100; baseline 0.002 -21"><span class='ocrx_word' id='word_1_113' title='bbox 360 2022 417 2079; x_wconf 90' lang='lat' dir='ltr'><strong>nisi</strong></span> <span class='ocrx_word' id='word_1_114' title='bbox 441 2021 554 2100; x_wconf 91' lang='lat' dir='ltr'><strong>quod</strong></span> <span class='ocrx_word' id='word_1_115' title='bbox 546 2043 577 2081; x_wconf 90' lang='grc' dir='ltr'><strong>ιιι</strong></span> <span class='ocrx_word' id='word_1_116' title='bbox 600 2021 660 2082; x_wconf 88' lang='lat' dir='ltr'><strong>hoc</strong></span> <span class='ocrx_word' id='word_1_117' title='bbox 682 2024 812 2082; x_wconf 84' lang='lat' dir='ltr'><strong>victorie</strong></span> <span class='ocrx_word' id='word_1_118' title='bbox 832 2022 959 2082; x_wconf 89' lang='lat' dir='ltr'><strong>fluctt</strong></span> <span class='ocrx_word' id='word_1_119' title='bbox 894 2029 979 2100; x_wconf 89' lang='lat' dir='ltr'><strong>ttua,</strong></span> <span class='ocrx_word' id='word_1_120' title='bbox 1016 2044 1055 2083; x_wconf 87' lang='lat' dir='ltr'><strong>an</strong></span> <span class='ocrx_word' id='word_1_121' title='bbox 1085 2022 1147 2083; x_wconf 90' lang='lat' dir='ltr'><strong>suis</strong></span> <span class='ocrx_word' id='word_1_122' title='bbox 1168 2022 1201 2082; x_wconf 91' lang='lat' dir='ltr'><strong>id</strong></span> <span class='ocrx_word' id='word_1_123' title='bbox 1225 2022 1288 2081; x_wconf 81' lang='lat' dir='ltr'><strong>Ec</strong></span> 
     </span>
    </p>
   </div>
   <div class='ocr_carea' id='block_1_6' title="bbox 359 2068 1377 2186">
    <p class='ocr_par' dir='ltr' id='par_1_6' title="bbox 359 2068 1377 2186">
     <span class='ocr_line' id='line_1_18' title="bbox 359 2068 1377 2186; baseline 0.003 -24"><span class='ocrx_word' id='word_1_124' title='bbox 359 2105 423 2162; x_wconf 90' lang='lat' dir='ltr'><strong>cius</strong></span> <span class='ocrx_word' id='word_1_125' title='bbox 454 2106 654 2185; x_wconf 89' lang='lat' dir='ltr'><strong>praestiterit,</strong></span> <span class='ocrx_word' id='word_1_126' title='bbox 690 2124 729 2165; x_wconf 90' lang='lat' dir='ltr'><strong>an</strong></span> <span class='ocrx_word' id='word_1_127' title='bbox 752 2104 944 2186; x_wconf 87' lang='lat' dir='ltr'><strong>Lipsansium</strong></span> <span class='ocrx_word' id='word_1_128' title='bbox 971 2068 1085 2167; x_wconf 69' lang='lat' dir='ltr'><strong>limbus</strong></span> <span class='ocrx_word' id='word_1_129' title='bbox 1120 2111 1151 2166; x_wconf 89' lang='lat' dir='ltr'><strong>et</strong></span> <span class='ocrx_word' id='word_1_130' title='bbox 1173 2107 1283 2185; x_wconf 91' lang='lat' dir='ltr'><strong>copiis.</strong></span> <span class='ocrx_word' id='word_1_131' title='bbox 1329 2152 1336 2168; x_wconf 84' lang='grc'><strong><em>,</em></strong></span> <span class='ocrx_word' id='word_1_132' title='bbox 1376 2175 1377 2178; x_wconf 10' lang='lat'>¹</span> 
     </span>
    </p>
   </div>
   <div class='ocr_carea' id='block_1_7' title="bbox 358 2184 1284 2435">
    <p class='ocr_par' dir='ltr' id='par_1_7' title="bbox 359 2184 1284 2435">
     <span class='ocr_line' id='line_1_19' title="bbox 359 2184 1284 2269; baseline 0.003 -24"><span class='ocrx_word' id='word_1_133' title='bbox 359 2184 430 2247; x_wconf 82' lang='lat' dir='ltr'><strong>Oert</strong></span> <span class='ocrx_word' id='word_1_134' title='bbox 419 2194 481 2247; x_wconf 89' lang='lat' dir='ltr'><strong>tum</strong></span> <span class='ocrx_word' id='word_1_135' title='bbox 507 2190 582 2248; x_wconf 92' lang='lat' dir='ltr'><strong>est</strong></span> <span class='ocrx_word' id='word_1_136' title='bbox 574 2208 674 2267; x_wconf 85' lang='lat' dir='ltr'><strong>ipsum</strong></span> <span class='ocrx_word' id='word_1_137' title='bbox 696 2188 797 2249; x_wconf 91' lang='lat' dir='ltr'><strong>solum</strong></span> <span class='ocrx_word' id='word_1_138' title='bbox 819 2208 940 2269; x_wconf 85' lang='lat' dir='ltr'><strong>semper</strong></span> <span class='ocrx_word' id='word_1_139' title='bbox 955 2189 1116 2268; x_wconf 86' lang='lat' dir='ltr'><strong>claurasse,</strong></span> <span class='ocrx_word' id='word_1_140' title='bbox 1137 2188 1209 2249; x_wconf 90' lang='lat' dir='ltr'><strong>illos</strong></span> <span class='ocrx_word' id='word_1_141' title='bbox 1231 2209 1284 2248; x_wconf 89' lang='lat' dir='ltr'><strong>au·</strong></span> 
     </span>
     <span class='ocr_line' id='line_1_20' title="bbox 358 2272 1283 2353; baseline 0.007 -26.086"><span class='ocrx_word' id='word_1_142' title='bbox 358 2276 419 2328; x_wconf 86' lang='lat' dir='ltr'><strong>tem</strong></span> <span class='ocrx_word' id='word_1_143' title='bbox 443 2288 563 2351; x_wconf 87' lang='lat' dir='ltr'><strong>semper</strong></span> <span class='ocrx_word' id='word_1_144' title='bbox 585 2274 738 2351; x_wconf 79' lang='lat' dir='ltr'><strong>tacuisse,</strong></span> <span class='ocrx_word' id='word_1_145' title='bbox 770 2278 900 2352; x_wconf 87' lang='lat' dir='ltr'><strong>putasne</strong></span> <span class='ocrx_word' id='word_1_146' title='bbox 923 2291 1050 2353; x_wconf 81' lang='lat' dir='ltr'><strong>magnas</strong></span> <span class='ocrx_word' id='word_1_147' title='bbox 1074 2292 1122 2346; x_wconf 84' lang='lat' dir='ltr'><strong>me</strong></span> <span class='ocrx_word' id='word_1_148' title='bbox 1144 2272 1207 2333; x_wconf 88' lang='lat' dir='ltr'><strong>illis</strong></span> <span class='ocrx_word' id='word_1_149' title='bbox 1232 2272 1283 2333; x_wconf 92' lang='lat' dir='ltr'><strong>de-</strong></span> 
     </span>
     <span class='ocr_line' id='line_1_21' title="bbox 359 2352 589 2435; baseline 0.013 -23"><span class='ocrx_word' id='word_1_150' title='bbox 359 2352 432 2414; x_wconf 87' lang='lat' dir='ltr'><strong>here</strong></span> <span class='ocrx_word' id='word_1_151' title='bbox 454 2364 522 2435; x_wconf 84' lang='lat' dir='ltr'><strong>grat</strong></span> <span class='ocrx_word' id='word_1_152' title='bbox 510 2354 589 2416; x_wconf 81' lang='lat' dir='ltr'><strong>tias?</strong></span> 
     </span>
    </p>
   </div>
   <div class='ocr_carea' id='block_1_8' title="bbox 327 2489 1282 2656">
    <p class='ocr_par' dir='ltr' id='par_1_8' title="bbox 327 2489 1282 2656">
     <span class='ocr_line' id='line_1_22' title="bbox 440 2489 1282 2572; baseline 0.001 -20"><span class='ocrx_word' id='word_1_153' title='bbox 440 2489 501 2552; x_wconf 76' lang='lat' dir='ltr'><strong>aed</strong></span> <span class='ocrx_word' id='word_1_154' title='bbox 522 2491 616 2552; x_wconf 86' lang='lat' dir='ltr'><strong>redeo</strong></span> <span class='ocrx_word' id='word_1_155' title='bbox 640 2490 677 2551; x_wconf 90' lang='lat' dir='ltr'><strong>ad</strong></span> <span class='ocrx_word' id='word_1_156' title='bbox 701 2490 891 2572; x_wconf 83' lang='lat' dir='ltr'><strong>Philippum,</strong></span> <span class='ocrx_word' id='word_1_157' title='bbox 925 2511 1016 2570; x_wconf 87' lang='lat' dir='ltr'><strong>quem</strong></span> <span class='ocrx_word' id='word_1_158' title='bbox 1050 2497 1168 2550; x_wconf 86' lang='lat' dir='ltr'><strong>tantum</strong></span> <span class='ocrx_word' id='word_1_159' title='bbox 1191 2491 1282 2553; x_wconf 86' lang='lat' dir='ltr'><strong>abest</strong></span> 
     </span>
     <span class='ocr_line' id='line_1_23' title="bbox 327 2572 1280 2656; baseline 0.005 -25"><span class='ocrx_word' id='word_1_160' title='bbox 327 2575 329 2580; x_wconf 86' lang='grc'><strong>’</strong></span> <span class='ocrx_word' id='word_1_161' title='bbox 358 2578 391 2632; x_wconf 85' lang='grc' dir='ltr'><strong>ιιι</strong></span> <span class='ocrx_word' id='word_1_162' title='bbox 414 2572 491 2633; x_wconf 90' lang='lat' dir='ltr'><strong>ullus</strong></span> <span class='ocrx_word' id='word_1_163' title='bbox 514 2575 626 2635; x_wconf 80' lang='lat' dir='ltr'><strong>Ennius</strong></span> <span class='ocrx_word' id='word_1_164' title='bbox 649 2574 722 2634; x_wconf 90' lang='lat' dir='ltr'><strong>mihi</strong></span> <span class='ocrx_word' id='word_1_165' title='bbox 743 2575 873 2635; x_wconf 88' lang='lat' dir='ltr'><strong>reddere</strong></span> <span class='ocrx_word' id='word_1_166' title='bbox 895 2575 995 2656; x_wconf 89' lang='lat' dir='ltr'><strong>possit</strong></span> <span class='ocrx_word' id='word_1_167' title='bbox 1015 2573 1224 2650; x_wconf 87' lang='lat' dir='ltr'><strong>invidiosum,</strong></span> <span class='ocrx_word' id='word_1_168' title='bbox 1247 2582 1280 2636; x_wconf 89' lang='lat' dir='ltr'><strong>ut</strong></span> 
     </span>
    </p>
   </div>
   <div class='ocr_carea' id='block_1_9' title="bbox 258 2621 1281 2755">
    <p class='ocr_par' dir='ltr' id='par_1_9' title="bbox 258 2621 1281 2755">
     <span class='ocr_line' id='line_1_24' title="bbox 258 2621 1281 2755; baseline 0.005 -42"><span class='ocrx_word' id='word_1_169' title='bbox 258 2672 268 2684; x_wconf 68' lang='grc'><strong>“</strong></span> <span class='ocrx_word' id='word_1_170' title='bbox 356 2656 386 2714; x_wconf 90' lang='lat' dir='ltr'><strong>in</strong></span> <span class='ocrx_word' id='word_1_171' title='bbox 409 2658 492 2716; x_wconf 91' lang='lat' dir='ltr'><strong>omni</strong></span> <span class='ocrx_word' id='word_1_172' title='bbox 512 2678 581 2720; x_wconf 89' lang='lat' dir='ltr'><strong>mea</strong></span> <span class='ocrx_word' id='word_1_173' title='bbox 601 2659 796 2755; x_wconf 82' lang='lat' dir='ltr'><strong>professione</strong></span> <span class='ocrx_word' id='word_1_174' title='bbox 817 2657 893 2718; x_wconf 90' lang='lat' dir='ltr'><strong>nihil</strong></span> <span class='ocrx_word' id='word_1_175' title='bbox 912 2656 1022 2718; x_wconf 91' lang='lat' dir='ltr'><strong>ducam</strong></span> <span class='ocrx_word' id='word_1_176' title='bbox 1044 2659 1199 2736; x_wconf 88' lang='lat' dir='ltr'><strong>antiquius</strong></span> <span class='ocrx_word' id='word_1_177' title='bbox 1212 2621 1281 2718; x_wconf 85' lang='lat' dir='ltr'><strong>Phi·</strong></span> 
     </span>
    </p>
   </div>
   <div class='ocr_carea' id='block_1_10' title="bbox 292 2727 1311 4072">
    <p class='ocr_par' dir='ltr' id='par_1_10' title="bbox 292 2727 1311 4072">
     <span class='ocr_line' id='line_1_25' title="bbox 356 2727 1279 2818; baseline 0.004 -21"><span class='ocrx_word' id='word_1_178' title='bbox 356 2727 430 2818; x_wconf 86' lang='lat' dir='ltr'><strong>lippi</strong></span> <span class='ocrx_word' id='word_1_179' title='bbox 453 2740 581 2817; x_wconf 88' lang='lat' dir='ltr'><strong>oalculo,</strong></span> <span class='ocrx_word' id='word_1_180' title='bbox 596 2743 681 2802; x_wconf 90' lang='lat' dir='ltr'><strong>cuius</strong></span> <span class='ocrx_word' id='word_1_181' title='bbox 703 2742 793 2800; x_wconf 89' lang='lat' dir='ltr'><strong>unius</strong></span> <span class='ocrx_word' id='word_1_182' title='bbox 814 2740 959 2802; x_wconf 90' lang='lat' dir='ltr'><strong>iudicium</strong></span> <span class='ocrx_word' id='word_1_183' title='bbox 976 2748 1008 2801; x_wconf 87' lang='lat' dir='ltr'><strong>et</strong></span> <span class='ocrx_word' id='word_1_184' title='bbox 1030 2742 1180 2801; x_wconf 86' lang='lat' dir='ltr'><strong>autoritas</strong></span> <span class='ocrx_word' id='word_1_185' title='bbox 1203 2742 1279 2802; x_wconf 90' lang='lat' dir='ltr'><strong>mihi</strong></span> 
     </span>
     <span class='ocr_line' id='line_1_26' title="bbox 356 2823 1279 2902; baseline 0.005 -22"><span class='ocrx_word' id='word_1_186' title='bbox 356 2828 438 2884; x_wconf 87' lang='lat' dir='ltr'><strong>stant</strong></span> <span class='ocrx_word' id='word_1_187' title='bbox 458 2843 514 2902; x_wconf 92' lang='lat' dir='ltr'><strong>pro</strong></span> <span class='ocrx_word' id='word_1_188' title='bbox 539 2825 641 2886; x_wconf 89' lang='lat' dir='ltr'><strong>multis</strong></span> <span class='ocrx_word' id='word_1_189' title='bbox 665 2823 785 2884; x_wconf 92' lang='lat' dir='ltr'><strong>milibus</strong></span> <span class='ocrx_word' id='word_1_190' title='bbox 807 2823 1002 2885; x_wconf 89' lang='lat' dir='ltr'><strong>sordidorum</strong></span> <span class='ocrx_word' id='word_1_191' title='bbox 1015 2824 1191 2886; x_wconf 72' lang='lat' dir='ltr'><strong>hicciorum.</strong></span> <span class='ocrx_word' id='word_1_192' title='bbox 1215 2824 1279 2888; x_wconf 90' lang='lat' dir='ltr'><strong>Ne·</strong></span> 
     </span>
     <span class='ocr_line' id='line_1_27' title="bbox 355 2907 1277 2988; baseline 0.003 -23"><span class='ocrx_word' id='word_1_193' title='bbox 355 2924 416 2984; x_wconf 89' lang='lat' dir='ltr'><strong>que</strong></span> <span class='ocrx_word' id='word_1_194' title='bbox 439 2926 486 2967; x_wconf 89' lang='lat' dir='ltr'><strong>me</strong></span> <span class='ocrx_word' id='word_1_195' title='bbox 510 2907 613 2988; x_wconf 85' lang='lat' dir='ltr'><strong>pudet,</strong></span> <span class='ocrx_word' id='word_1_196' title='bbox 636 2909 692 2968; x_wconf 86' lang='lat' dir='ltr'><strong>etsi</strong></span> <span class='ocrx_word' id='word_1_197' title='bbox 703 2907 882 2988; x_wconf 83' lang='lat' dir='ltr'><strong>Magistrum</strong></span> <span class='ocrx_word' id='word_1_198' title='bbox 904 2908 1033 2986; x_wconf 90' lang='lat' dir='ltr'><strong>Artium,</strong></span> <span class='ocrx_word' id='word_1_199' title='bbox 1055 2908 1277 2987; x_wconf 82' lang='lat' dir='ltr'><strong>Philosophiae</strong></span> 
     </span>
     <span class='ocr_line' id='line_1_28' title="bbox 292 2979 1276 3072; baseline 0.005 -25"><span class='ocrx_word' id='word_1_200' title='bbox 292 2979 301 2994; x_wconf 83' lang='lat'><em>&#39;</em></span> <span class='ocrx_word' id='word_1_201' title='bbox 355 2997 386 3048; x_wconf 91' lang='lat' dir='ltr'><strong>et</strong></span> <span class='ocrx_word' id='word_1_202' title='bbox 406 2989 609 3072; x_wconf 73' lang='lat' dir='ltr'><strong>&#39;l&#39;heologiae,</strong></span> <span class='ocrx_word' id='word_1_203' title='bbox 627 3000 658 3050; x_wconf 88' lang='lat' dir='ltr'><strong>et</strong></span> <span class='ocrx_word' id='word_1_204' title='bbox 679 2991 821 3052; x_wconf 91' lang='lat' dir='ltr'><strong>omnibus</strong></span> <span class='ocrx_word' id='word_1_205' title='bbox 842 2990 1041 3071; x_wconf 82' lang='lat' dir='ltr'><strong>paeneEecii</strong></span> <span class='ocrx_word' id='word_1_206' title='bbox 1065 2991 1160 3051; x_wconf 90' lang='lat' dir='ltr'><strong>titulis</strong></span> <span class='ocrx_word' id='word_1_207' title='bbox 1182 2992 1276 3072; x_wconf 82' lang='lat' dir='ltr'><strong>insig-</strong></span> 
     </span>
     <span class='ocr_line' id='line_1_29' title="bbox 355 3074 1311 3156; baseline 0.002 -25"><span class='ocrx_word' id='word_1_208' title='bbox 355 3092 441 3148; x_wconf 86' lang='lat' dir='ltr'><strong>nem,</strong></span> <span class='ocrx_word' id='word_1_209' title='bbox 473 3075 498 3133; x_wconf 88' lang='lat' dir='ltr'><strong>si</strong></span> <span class='ocrx_word' id='word_1_210' title='bbox 520 3075 608 3134; x_wconf 86' lang='lat' dir='ltr'><strong>huius</strong></span> <span class='ocrx_word' id='word_1_211' title='bbox 630 3074 703 3134; x_wconf 87' lang='lat' dir='ltr'><strong>mihi</strong></span> <span class='ocrx_word' id='word_1_212' title='bbox 725 3075 955 3154; x_wconf 81' lang='lat' dir='ltr'><strong>grammatistne</strong></span> <span class='ocrx_word' id='word_1_213' title='bbox 983 3074 1163 3134; x_wconf 83' lang='lat' dir='ltr'><strong>dissenserit</strong></span> <span class='ocrx_word' id='word_1_214' title='bbox 1190 3075 1276 3156; x_wconf 85' lang='lat' dir='ltr'><strong>inge-</strong></span> <span class='ocrx_word' id='word_1_215' title='bbox 1303 3093 1311 3106; x_wconf 60' lang='lat'>⁸</span> 
     </span>
     <span class='ocr_line' id='line_1_30' title="bbox 355 3156 1278 3237; baseline 0.007 -24"><span class='ocrx_word' id='word_1_216' title='bbox 355 3157 453 3233; x_wconf 84' lang='lat' dir='ltr'><strong>niuni,</strong></span> <span class='ocrx_word' id='word_1_217' title='bbox 477 3177 546 3218; x_wconf 89' lang='lat' dir='ltr'><strong>mec</strong></span> <span class='ocrx_word' id='word_1_218' title='bbox 570 3177 663 3218; x_wconf 86' lang='lat' dir='ltr'><strong>sensu</strong></span> <span class='ocrx_word' id='word_1_219' title='bbox 685 3158 806 3237; x_wconf 84' lang='lat' dir='ltr'><strong>cedere,</strong></span> <span class='ocrx_word' id='word_1_220' title='bbox 829 3156 911 3237; x_wconf 91' lang='lat' dir='ltr'><strong>quod</strong></span> <span class='ocrx_word' id='word_1_221' title='bbox 935 3164 966 3218; x_wconf 90' lang='lat' dir='ltr'><strong>et</strong></span> <span class='ocrx_word' id='word_1_222' title='bbox 987 3159 1110 3237; x_wconf 89' lang='lat' dir='ltr'><strong>saepius</strong></span> <span class='ocrx_word' id='word_1_223' title='bbox 1132 3157 1210 3237; x_wconf 85' lang='lat' dir='ltr'><strong>feei,</strong></span> <span class='ocrx_word' id='word_1_224' title='bbox 1247 3166 1278 3219; x_wconf 88' lang='lat' dir='ltr'><strong>et</strong></span> 
     </span>
     <span class='ocr_line' id='line_1_31' title="bbox 355 3239 1275 3320; baseline 0.005 -22"><span class='ocrx_word' id='word_1_225' title='bbox 355 3199 500 3316; x_wconf 87' lang='lat' dir='ltr'><strong>quotidie</strong></span> <span class='ocrx_word' id='word_1_226' title='bbox 514 3241 610 3320; x_wconf 87' lang='lat' dir='ltr'><strong>facio,</strong></span> <span class='ocrx_word' id='word_1_227' title='bbox 643 3240 682 3302; x_wconf 92' lang='lat' dir='ltr'><strong>oh</strong></span> <span class='ocrx_word' id='word_1_228' title='bbox 705 3241 841 3301; x_wconf 88' lang='lat' dir='ltr'><strong>divinum</strong></span> <span class='ocrx_word' id='word_1_229' title='bbox 870 3241 1002 3319; x_wconf 91' lang='lat' dir='ltr'><strong>donum,</strong></span> <span class='ocrx_word' id='word_1_230' title='bbox 1032 3240 1115 3320; x_wconf 89' lang='lat' dir='ltr'><strong>qnod</strong></span> <span class='ocrx_word' id='word_1_231' title='bbox 1135 3241 1252 3301; x_wconf 88' lang='lat' dir='ltr'><strong>Deus</strong></span> <span class='ocrx_word' id='word_1_232' title='bbox 1244 3263 1275 3303; x_wconf 89' lang='grc' dir='ltr'><strong>ιιι</strong></span> 
     </span>
     <span class='ocr_line' id='line_1_32' title="bbox 354 3321 1273 3408; baseline 0.005 -28"><span class='ocrx_word' id='word_1_233' title='bbox 354 3321 413 3382; x_wconf 90' lang='lat' dir='ltr'><strong>hoc</strong></span> <span class='ocrx_word' id='word_1_234' title='bbox 434 3321 474 3382; x_wconf 86' lang='lat' dir='ltr'><strong>tic</strong></span> <span class='ocrx_word' id='word_1_235' title='bbox 476 3323 528 3385; x_wconf 89' lang='lat' dir='ltr'><strong>tile</strong></span> <span class='ocrx_word' id='word_1_236' title='bbox 551 3324 709 3385; x_wconf 76' lang='lat' dir='ltr'><strong>vasculum</strong></span> <span class='ocrx_word' id='word_1_237' title='bbox 739 3323 851 3398; x_wconf 79' lang='lat' dir='ltr'><strong>(Ennio</strong></span> <span class='ocrx_word' id='word_1_238' title='bbox 874 3325 997 3404; x_wconf 85' lang='lat' dir='ltr'><strong>quidem</strong></span> <span class='ocrx_word' id='word_1_239' title='bbox 1021 3323 1273 3408; x_wconf 85' lang='lat' dir='ltr'><strong>contemptibile)</strong></span> 
     </span>
     <span class='ocr_line' id='line_1_33' title="bbox 354 3403 1275 3504; baseline 0.008 -41"><span class='ocrx_word' id='word_1_240' title='bbox 354 3403 439 3485; x_wconf 85' lang='lat' dir='ltr'><strong>larga</strong></span> <span class='ocrx_word' id='word_1_241' title='bbox 470 3407 688 3469; x_wconf 85' lang='lat' dir='ltr'><strong>benedictione</strong></span> <span class='ocrx_word' id='word_1_242' title='bbox 718 3407 838 3468; x_wconf 90' lang='lat' dir='ltr'><strong>infudit.</strong></span> <span class='ocrx_word' id='word_1_243' title='bbox 880 3407 1054 3493; x_wconf 89' lang='lat' dir='ltr'><strong>Philippum</strong></span> <span class='ocrx_word' id='word_1_244' title='bbox 1080 3427 1143 3467; x_wconf 92' lang='lat' dir='ltr'><strong>non</strong></span> <span class='ocrx_word' id='word_1_245' title='bbox 1150 3407 1275 3504; x_wconf 83' lang='lat' dir='ltr'><strong>laudo,</strong></span> 
     </span>
     <span class='ocr_line' id='line_1_34' title="bbox 353 3491 1275 3573; baseline 0.008 -27"><span class='ocrx_word' id='word_1_246' title='bbox 353 3495 492 3550; x_wconf 86' lang='lat' dir='ltr'><strong>creatura</strong></span> <span class='ocrx_word' id='word_1_247' title='bbox 513 3499 560 3552; x_wconf 86' lang='lat' dir='ltr'><strong>est</strong></span> <span class='ocrx_word' id='word_1_248' title='bbox 575 3492 686 3551; x_wconf 88' lang='lat' dir='ltr'><strong>Deiet</strong></span> <span class='ocrx_word' id='word_1_249' title='bbox 706 3491 793 3573; x_wconf 92' lang='lat' dir='ltr'><strong>nihil</strong></span> <span class='ocrx_word' id='word_1_250' title='bbox 816 3491 871 3552; x_wconf 90' lang='lat' dir='ltr'><strong>sed</strong></span> <span class='ocrx_word' id='word_1_251' title='bbox 894 3510 972 3572; x_wconf 88' lang='lat' dir='ltr'><strong>opus</strong></span> <span class='ocrx_word' id='word_1_252' title='bbox 985 3492 1043 3550; x_wconf 89' lang='lat' dir='ltr'><strong>Dei</strong></span> <span class='ocrx_word' id='word_1_253' title='bbox 1066 3491 1127 3550; x_wconf 89' lang='lat' dir='ltr'><strong>mei</strong></span> <span class='ocrx_word' id='word_1_254' title='bbox 1148 3491 1179 3550; x_wconf 91' lang='lat' dir='ltr'><strong>in</strong></span> <span class='ocrx_word' id='word_1_255' title='bbox 1203 3493 1275 3571; x_wconf 92' lang='lat' dir='ltr'><strong>ipso</strong></span> 
     </span>
     <span class='ocr_line' id='line_1_35' title="bbox 354 3573 1275 3654; baseline 0.008 -25"><span class='ocrx_word' id='word_1_256' title='bbox 354 3590 495 3632; x_wconf 90' lang='lat' dir='ltr'><strong>veneror.</strong></span> <span class='ocrx_word' id='word_1_257' title='bbox 538 3574 604 3633; x_wconf 85' lang='lat' dir='ltr'><strong>Nec</strong></span> <span class='ocrx_word' id='word_1_258' title='bbox 625 3574 750 3634; x_wconf 74' lang='lat' dir='ltr'><strong>Electum</strong></span> <span class='ocrx_word' id='word_1_259' title='bbox 773 3576 935 3654; x_wconf 87' lang='lat' dir='ltr'><strong>vitupero,</strong></span> <span class='ocrx_word' id='word_1_260' title='bbox 970 3573 1025 3636; x_wconf 89' lang='lat' dir='ltr'><strong>sed</strong></span> <span class='ocrx_word' id='word_1_261' title='bbox 1054 3593 1174 3634; x_wconf 87' lang='lat' dir='ltr'><strong>crassas</strong></span> <span class='ocrx_word' id='word_1_262' title='bbox 1198 3577 1275 3636; x_wconf 86' lang='lat' dir='ltr'><strong>istas</strong></span> 
     </span>
     <span class='ocr_line' id='line_1_36' title="bbox 353 3655 1275 3719; baseline 0.007 -6"><span class='ocrx_word' id='word_1_263' title='bbox 353 3655 551 3716; x_wconf 84' lang='lat' dir='ltr'><strong>seminandae</strong></span> <span class='ocrx_word' id='word_1_264' title='bbox 574 3657 746 3718; x_wconf 89' lang='lat' dir='ltr'><strong>discordiae</strong></span> <span class='ocrx_word' id='word_1_265' title='bbox 781 3666 812 3717; x_wconf 88' lang='lat' dir='ltr'><strong>et</strong></span> <span class='ocrx_word' id='word_1_266' title='bbox 839 3658 974 3719; x_wconf 87' lang='lat' dir='ltr'><strong>invidiae</strong></span> <span class='ocrx_word' id='word_1_267' title='bbox 997 3657 1201 3718; x_wconf 77' lang='lat' dir='ltr'><strong>concitandae</strong></span> <span class='ocrx_word' id='word_1_268' title='bbox 1224 3679 1275 3719; x_wconf 85' lang='lat' dir='ltr'><strong>va-</strong></span> 
     </span>
     <span class='ocr_line' id='line_1_37' title="bbox 352 3733 1274 3821; baseline 0.008 -26"><span class='ocrx_word' id='word_1_269' title='bbox 352 3737 448 3798; x_wconf 80' lang='lat' dir='ltr'><strong>frities</strong></span> <span class='ocrx_word' id='word_1_270' title='bbox 472 3746 537 3800; x_wconf 91' lang='grc' dir='ltr'>ιοιο</span> <span class='ocrx_word' id='word_1_271' title='bbox 562 3740 655 3800; x_wconf 90' lang='lat' dir='ltr'><strong>corde</strong></span> <span class='ocrx_word' id='word_1_272' title='bbox 666 3733 805 3801; x_wconf 84' lang='lat' dir='ltr'><strong>detesto&#39;r</strong></span> <span class='ocrx_word' id='word_1_273' title='bbox 815 3741 1049 3821; x_wconf 66' lang='lat' dir='ltr'><strong>cubandumque,</strong></span> <span class='ocrx_word' id='word_1_274' title='bbox 1071 3760 1148 3819; x_wconf 88' lang='lat' dir='ltr'><strong>quas</strong></span> <span class='ocrx_word' id='word_1_275' title='bbox 1172 3761 1274 3821; x_wconf 86' lang='lat' dir='ltr'><strong>neque</strong></span> 
     </span>
     <span class='ocr_line' id='line_1_38' title="bbox 352 3821 1273 3904; baseline 0.007 -25"><span class='ocrx_word' id='word_1_276' title='bbox 352 3821 584 3900; x_wconf 82' lang='lat' dir='ltr'><strong>frequentiores,</strong></span> <span class='ocrx_word' id='word_1_277' title='bbox 607 3842 707 3904; x_wconf 90' lang='lat' dir='ltr'><strong>neque</strong></span> <span class='ocrx_word' id='word_1_278' title='bbox 719 3824 917 3904; x_wconf 83' lang='lat' dir='ltr'><strong>maligniores</strong></span> <span class='ocrx_word' id='word_1_279' title='bbox 941 3842 1068 3903; x_wconf 89' lang='lat' dir='ltr'><strong>nsquam</strong></span> <span class='ocrx_word' id='word_1_280' title='bbox 1083 3822 1156 3901; x_wconf 92' lang='lat' dir='ltr'><strong>vidi,</strong></span> <span class='ocrx_word' id='word_1_281' title='bbox 1182 3843 1273 3904; x_wconf 91' lang='lat' dir='ltr'><strong>quarn</strong></span> 
     </span>
     <span class='ocr_line' id='line_1_39' title="bbox 351 3905 1274 3988; baseline 0.007 -26"><span class='ocrx_word' id='word_1_282' title='bbox 351 3906 381 3963; x_wconf 93' lang='lat' dir='ltr'><strong>in</strong></span> <span class='ocrx_word' id='word_1_283' title='bbox 397 3905 502 3983; x_wconf 86' lang='lat' dir='ltr'><strong>Eccic,</strong></span> <span class='ocrx_word' id='word_1_284' title='bbox 527 3905 634 3984; x_wconf 89' lang='lat' dir='ltr'><strong>quibus</strong></span> <span class='ocrx_word' id='word_1_285' title='bbox 657 3914 688 3966; x_wconf 89' lang='lat' dir='ltr'><strong>et</strong></span> <span class='ocrx_word' id='word_1_286' title='bbox 709 3927 809 3986; x_wconf 88' lang='lat' dir='ltr'><strong>paene</strong></span> <span class='ocrx_word' id='word_1_287' title='bbox 831 3908 924 3966; x_wconf 88' lang='lat' dir='ltr'><strong>totius</strong></span> <span class='ocrx_word' id='word_1_288' title='bbox 946 3914 1071 3967; x_wconf 87' lang='lat' dir='ltr'><strong>nostrae</strong></span> <span class='ocrx_word' id='word_1_289' title='bbox 1094 3906 1274 3988; x_wconf 89' lang='lat' dir='ltr'><strong>disputatio-</strong></span> 
     </span>
     <span class='ocr_line' id='line_1_40' title="bbox 352 3987 1274 4072; baseline 0.005 -24"><span class='ocrx_word' id='word_1_290' title='bbox 352 3989 398 4048; x_wconf 88' lang='lat' dir='ltr'><strong>nis</strong></span> <span class='ocrx_word' id='word_1_291' title='bbox 421 3989 604 4068; x_wconf 73' lang='lat' dir='ltr'><strong>lanuginem</strong></span> <span class='ocrx_word' id='word_1_292' title='bbox 620 3987 828 4064; x_wconf 82' lang='lat' dir='ltr'><strong>fermentavit.¹</strong></span> <span class='ocrx_word' id='word_1_293' title='bbox 844 3989 923 4050; x_wconf 89' lang='lat' dir='ltr'><strong>Nam</strong></span> <span class='ocrx_word' id='word_1_294' title='bbox 934 3990 993 4052; x_wconf 90' lang='lat' dir='ltr'><strong>hac</strong></span> <span class='ocrx_word' id='word_1_295' title='bbox 1008 4010 1070 4050; x_wconf 87' lang='lat' dir='ltr'><strong>uns</strong></span> <span class='ocrx_word' id='word_1_296' title='bbox 1082 3990 1152 4052; x_wconf 89' lang='lat' dir='ltr'><strong>sola</strong></span> <span class='ocrx_word' id='word_1_297' title='bbox 1173 4011 1274 4072; x_wconf 87' lang='lat' dir='ltr'><strong>paene</strong></span> 
     </span>
    </p>
   </div>
   <div class='ocr_carea' id='block_1_11' title="bbox 0 0 1542 4775">
    <p class='ocr_par' dir='ltr' id='par_1_11' title="bbox 0 0 1542 4775">
     <span class='ocr_line' id='line_1_41' title="bbox 0 0 1542 4775; baseline 0 5"><span class='ocrx_word' id='word_1_298' title='bbox 0 0 1542 4775; x_wconf 95' lang='lat' dir='ltr'><strong> </strong></span> 
     </span>
    </p>
   </div>
  </div>
 </body>
</html>
