3075 4775
391 500 395 515 Ι
474 534 546 606 anis
565 532 681 601 Lipsiae
685 532 836 601 ,disputatis
856 549 879 587 a
893 532 964 586 XIX
1129 527 1192 605 287

274 734 330 795 per
353 714 465 792 orbern
486 716 631 812 populo
624 736 654 778 ro
677 715 872 801 evangelium
895 695 1128 791 consentiente,
1159 716 1189 774 in

276 816 337 876 quo
361 807 464 861 tamen
487 797 583 859 nihil
576 799 745 861 invenisset
767 800 805 859 de
819 798 1014 875 Manichaeis,
1036 798 1107 859 ideo
1129 819 1192 861 non

208 910 211 915 ·
276 900 370 961 posse
393 902 427 941 sc
449 882 635 941 Manichaeis
660 882 803 957 credere,
837 900 914 959 quos
939 882 984 940 iili
1007 882 1193 943 detestaren-

276 971 334 1041 tur,
356 982 434 1043 quos
457 965 650 1045 evangelium
687 966 812 1025 videbat
841 967 894 1030 ita
907 953 1124 1040 constanterl)
1148 984 1193 1026 re-

275 1048 400 1127 cipere
419 1054 453 1110 ut
475 1066 580 1114 eorum
604 1055 742 1138 moveret
762 1049 913 1109 autoritas
934 1047 973 1107 ad
996 1048 1192 1121 credendum,

274 1130 336 1191 hoc
359 1149 428 1191 esse
450 1131 669 1211 evangelium.

358 1212 425 1287 Nec
452 1214 512 1275 hoc
540 1233 613 1293 ergo
636 1221 718 1276 recte
740 1213 863 1289 dicitur,
896 1213 978 1291 quod
1001 1212 1192 1291 approbante
1301 1260 1310 1269 ,

275 1282 408 1359 ecclesia
431 1297 621 1377 evangelium
644 1305 798 1374 noscatur,
820 1316 888 1355 cum
911 1296 950 1356 de
971 1295 1194 1374 approbatione

275 1366 466 1463 Augustinus
488 1380 562 1441 nibil
585 1380 666 1439 dicat
655 1381 883 1459 t‚praesertim
905 1381 931 1438 si
952 1380 1122 1452 Romanam
1146 1397 1193 1440 ee·

275 1454 403 1523 alesiam
426 1462 599 1543 intelligas,
632 1426 694 1523 sed
710 1464 748 1522 da
771 1462 963 1522 multitudine
986 1463 1078 1522 totius
1098 1443 1192 1544 orba,

276 1564 358 1627 quae
391 1565 439 1621 res
463 1566 524 1605 oon
552 1547 628 1609 levis
659 1558 707 1614 ιιι
728 1549 914 1622 autoritatis,
946 1564 1013 1604 oum
1048 1546 1114 1605 sine
1136 1546 1193 1603 Dei

198 1662 204 1671 ‚
275 1628 413 1688 maximo
437 1629 581 1693 miraculo
611 1626 693 1716 fieri,
726 1636 773 1689 tot
800 1630 1011 1702 resistentibus
1047 1629 1194 1706 tyrannia,

275 1718 323 1771 ιοι
344 1712 544 1773 ιιιιιιιιιιιιιιιι
568 1702 756 1791 Chrisiiaois,
779 1732 842 1773 non
866 1714 1026 1791 potuisset,
1048 1719 1081 1770 ut
1103 1731 1194 1774 evan·

274 1793 390 1876 gelium
417 1796 462 1857 sic
493 1793 654 1861 ιιιιιιιιιι2
660 1802 671 1869 )
699 1804 730 1855 et
759 1804 919 1857 cresceret
963 1794 994 1853 Si
1024 1796 1105 1853 enirn
1134 1795 1195 1855 hoe

275 1896 338 1937 non
363 1876 487 1937 vidisset
520 1876 601 1956 fieri,
632 1878 794 1959 cvangelio
830 1897 893 1938 non
923 1877 1069 1940 crederet.
1114 1876 1193 1951 Quid

274 1960 357 2033 boc?
379 1961 430 2021 Αιι
452 1980 514 2027 non
538 1960 741 2039 crederent
710 1962 829 2021 etiamsi
852 1969 899 2022 tot
900 1980 934 2020 us
957 1959 1039 2028 prbis
1060 1957 1194 2022 insaniat

276 2050 351 2106 cont
351 2064 386 2103 ra
408 2044 622 2123 evangelium?

357 2126 429 2186 Dixi
451 2145 541 2221 ergo,
568 2126 649 2207 quod
673 2128 769 2207 magis
793 2127 892 2205 ioquit
892 2146 927 2186 ur
948 2125 987 2186 de
1009 2126 1193 2204 convincan-

273 2208 320 2269 dis
344 2208 561 2273 haereticist
530 2216 561 2269 et
583 2210 779 2288 probanda
764 2208 825 2269 fide
840 2209 993 2269 catholiea
1012 2198 1091 2289 (hoc
1113 2210 1193 2283 enim
1283 2209 1285 2213 ’

274 2302 347 2353 tunc
368 2292 511 2373 agebat),
534 2311 624 2371 quam
647 2290 685 2353 de
708 2312 763 2353 sua
784 2294 908 2372 propria
930 2292 1006 2369 fide,
1029 2310 1108 2371 quae
1131 2312 1192 2353 non

278 2376 411 2436 ullorum
435 2377 614 2446 autoritate,
647 2373 702 2441 sed
737 2377 844 2456 spiritu
872 2376 940 2439 solo
962 2375 1019 2439 Dei
1042 2377 1167 2439 oritur
1159 2397 1190 2450 ip
1263 2435 1268 2454 ,

274 2459 387 2536 corde,
423 2458 494 2519 licet
522 2480 576 2538 per
603 2461 793 2521 verbumt
761 2468 793 2521 ιι
818 2460 992 2539 exemplum
1032 2468 1192 2523 moveatur

275 2543 370 2604 homo
395 2540 440 2602 ad‘
457 2561 535 2608 eam.
579 2541 639 2604 Sed
673 2545 744 2622 quia
775 2544 937 2622 haereticis
966 2543 1027 2602 hoc
1048 2542 1191 2621 exemplo

251 2645 330 2706 .pro
355 2623 417 2684 fide
439 2625 556 2686 fortiter
578 2627 743 2701 resistitur,
767 2628 855 2705 quasi
877 2626 1007 2687 diceret:
1036 2624 1192 2703 Eirene),
1257 2698 1261 2706 Ι

274 2722 366 2788 quam
390 2708 488 2772 babeo
510 2710 540 2771 in
564 2707 773 2792 evangelium,
805 2729 868 2771 noo
898 2728 1024 2789 possem
1052 2709 1096 2769 ita
1117 2709 1193 2783 tueri

274 2801 384 2852 contra
411 2810 482 2869 vos,
511 2793 570 2852 nisi
603 2793 754 2852 ecclesiae
781 2794 840 2854 ista
867 2800 1007 2868 moveret
1036 2792 1192 2856 autoritas.

357 2873 399 2948 Et
420 2883 467 2936 est
488 2875 598 2953 simile,
620 2877 709 2936 sicuti
729 2877 796 2939 Deo
819 2895 883 2939 non
906 2874 1112 2952 credidissem,
1135 2874 1192 2932 nisi

275 2957 371 3020 Paulo
396 2957 585 3038 praedicanti
564 2957 823 3036 t,oredidissem
857 2959 949 3039 quia
950 2957 1026 3019 fides
1049 2976 1110 3019 non
1134 2957 1192 3023 nisi
1288 3018 1290 3021 ,

275 3062 313 3101 ex
336 3040 452 3102 audito.
496 3039 660 3116 Quomodo
675 3045 754 3106 enim
777 3040 940 3121 credent4)
966 3042 1003 3116 ei,
1026 3058 1192 3120 quernuop

275 3124 457 3185 audierunt?
489 3125 535 3184 Ita
505 3125 698 3212 tprnbatio
727 3125 799 3187 fidei
821 3138 885 3187 ιιοιι
907 3127 964 3185 nisi
987 3125 1025 3184 ab
1048 3122 1191 3201 exemplo

275 3210 369 3268 totius
393 3208 543 3271 ecclesiae
565 3229 619 3288 per
628 3209 763 3352 forbern,
787 3208 944 3288 quomodo
966 3209 1058 3277 enim
1069 3225 1192 3286 persua-

275 3291 369 3370 debit,
392 3291 511 3352 etiamsi
534 3289 919 3370 sotusfornssmeeredat
943 3293 1000 3352 nisi
1015 3292 1194 3370 proferabat

198 3425 202 3432 ,
274 3375 404 3436 odiorum
418 3359 655 3454 exemplumet
644 3377 724 3436 thoe
737 3396 798 3455 quo
808 3395 848 3456 po
852 3338 1035 3470 teriipotent
1023 3371 1192 3447 tissimum?

359 3457 456 3542 Igitur
477 3477 540 3517 non
563 3458 729 3536 crederem,
751 3461 927 3529 necessario
950 3457 1139 3536 intelligitur,
1161 3455 1192 3515 id

275 3547 331 3620 est,
356 3561 422 3610 non
442 3560 577 3620 possem
589 3541 782 3632 persuaderi,
811 3548 842 3605 et
863 3541 1048 3620 persuadere
1069 3540 1109 3600 ad
1131 3558 1194 3601 cre·

276 3623 597 3704 dendum,ahoqu1⁵)
619 3623 781 3688 falsissime
793 3627 918 3701 diceret
941 3624 1106 3687 cumsolus
1128 3608 1192 3702 spi

229 3738 232 3744 ·
275 3709 349 3768 ritus
372 3715 496 3779 sanctus
518 3709 610 3771 iaciat
626 3709 751 3770 credere
774 3726 935 3789 quemque.

330 3882 407 3987 1¹)in
428 3917 490 3972 add.
510 3920 582 3986 orig.
599 3915 694 3968 deest}
711 3921 877 3971 constanter.
903 3917 937 3984 2)
957 3917 1040 3972 Ibid:
1061 3919 1192 3971 manaret.

276 3991 306 4050 dt
318 3991 405 4052 loton
422 3989 496 4044 bias.
515 3990 547 4053 4)
556 3989 753 4058 [meditor-ig:
765 3989 887 4042 credenti
900 3992 934 4044 ei.
948 3991 981 4054 b)
991 3990 1023 4041 ιι
1033 3987 1095 4041 add.
1106 3988 1191 4053 orig:

275 4063 410 4132 aaran
495 4109 498 4119 .
