3075 4775
379 540 444 609 178
554 502 563 508 ’
599 542 756 611 ιιιιριιιιιο
777 543 883 611 umiae
901 543 997 598 ιιιιιι
1014 560 1039 595 a.
1059 543 1119 596 xix

464 728 542 791 Post
571 727 632 789 hoe
660 727 700 788 de
728 728 881 809 passagiis
909 734 940 789 et
971 728 1113 791 orneiatis
1141 727 1303 789 arbitratur

380 812 525 892 egregius
548 811 587 873 1).
608 811 645 876 D.
669 829 732 873 non
764 830 836 871 esse
856 830 921 873 rem
943 813 1032 891 parvi
1059 813 1230 888 momenti,
1262 816 1304 873 toi

380 894 488 955 fideles
519 894 642 973 deoipi
671 896 856 991 praesertim
884 893 1054 975 Magnetes.
1098 892 1303 973 Respondes:

380 978 447 1039 Nee
470 983 520 1039 est
539 996 589 1039 res
612 979 716 1058 magni
737 979 904 1057 momenti,
937 978 1188 1058 quandoquidem
1208 984 1243 1043 et
1265 976 1303 1035 di·

382 1081 436 1123 sus
459 1061 665 1141 Hieronymus
687 1062 795 1123 hiatth.
818 1066 867 1127 23.
901 1061 941 1123 de
963 1065 1114 1143 sanguine
1136 1056 1319 1123 Zaohmiae'

381 1143 553 1225 prophetae
572 1143 671 1205 dieit·
704 1144 776 1205 Nou
800 1145 981 1207 damnamus
1003 1164 1163 1221 errorem,
1194 1142 1304 1223 quide

380 1229 495 1307 pietate
515 1226 589 1287 fidei
622 1226 793 1288 deseendit.
836 1229 883 1291 lta
917 1236 948 1289 et
977 1228 1028 1289 hie
1051 1248 1136 1291 error
1169 1228 1304 1288 estsine

380 1309 494 1373 damus
515 1311 655 1388 animae,
677 1311 754 1372 eitra
776 1313 869 1373 etiam
891 1312 1008 1373 luorum
1030 1313 1202 1391 peouniae,
1225 1308 1304 1389 quod

379 1393 520 1455 deferunt
541 1413 604 1475 ,pro
625 1394 746 1455 honore
769 1394 800 1459 S.
824 1394 975 1457 ecelesiae
1004 1395 1175 1457 rectoribus
1211 1392 1304 1453 eoele-

379 1496 503 1542 siarum.

462 1559 594 1635 Quando
616 1578 676 1639 ego
699 1558 773 1639 dixi,
797 1560 913 1621 nullum
936 1580 1008 1621 esse
1030 1560 1192 1642 deeretum
1215 1577 1304 1638 super

380 1643 588 1723 indulgentiis,
610 1644 758 1723 opposuit
780 1642 932 1705 Sixtinam
956 1650 988 1705 et
1009 1644 1181 1705 Leoninam
1205 1643 1303 1703 novis-

380 1728 511 1801 simam,
553 1726 605 1787 uhi
648 1725 842 1787 declarantur
871 1728 998 1789 virtutes
1034 1727 1303 1807 indulgentiarum.

380 1810 474 1871 Dico:
496 1809 582 1872 Haeo
603 1808 664 1869 alia
677 1811 818 1888 quaestio
831 1817 886 1873 est
907 1810 976 1890 Ego
1000 1810 1073 1890 dixi,
1095 1810 1215 1871 nullum
1238 1825 1304 1869 esse

380 1892 555 1971 demetam,
583 1892 667 1972 quod
693 1894 888 1973 praeciperet
915 1893 1122 1975 indulgentius
1144 1892 1302 1967 redimere,

379 1976 450 2039 ideo
472 1996 537 2037 non
561 1995 631 2039 esse
652 1979 857 2045 neeessarias.
940 1992 942 1995 ·
1102 1986 1111 2009 “

461 2060 497 2121 In
518 2059 590 2137 dne,
611 2059 651 2121 ad
672 2059 868 2139 proverbium
884 2058 975 2122 illud:
998 2059 1215 2141 Indulgentiae
1237 2061 1302 2118 sunt

380 2143 450 2222 piae
472 2141 607 2204 fidelium
629 2141 847 2222 deeeptiones,
868 2162 924 2222 per
945 2142 1028 2221 quod
1051 2145 1151 2219 volui,
1176 2162 1240 2203 non
1262 2148 1302 2201 to

380 2233 443 2286 ιιιιιι
466 2225 629 2286 eoelesiam
652 2244 788 2305 errasse,
821 2188 903 2304 dieii,
926 2246 989 2287 non
1015 2245 1085 2287 esse
1107 2224 1302 2319 audiendum,

309 2368 312 2371 ,
381 2308 465 2389 quod
487 2310 619 2391 quiaque
642 2306 741 2389 dieat,
776 2309 832 2371 sed
853 2272 936 2389 quhd
958 2309 1031 2369 honi
1053 2320 1084 2370 et
1105 2302 1231 2371 honesti
1252 2306 1302 2367 viri

381 2400 527 2456 statuunt
558 2393 647 2454 Nune
668 2411 742 2454 vero
765 2394 859 2472 aliqui
882 2395 1005 2454 etiam'
997 2415 1029 2454 ιιι
1051 2394 1236 2456 Senatorum
1258 2409 1302 2450 aa

380 2477 518 2556 taiogum
540 2476 630 2537 relati
652 2495 717 2538 nou
738 2477 914 2558 improbant
935 2476 1174 2557 indulgentiasl
1177 2482 1206 2556 J
1247 2475 1300 2535 Re·

380 2558 542 2640 spondeo:
574 2559 641 2620 Nee
662 2579 724 2639 ego
747 2579 832 2622 sane.
874 2560 944 2620 Hoe
964 2567 1067 2622 amen
1087 2560 1189 2640 addo,
1224 2555 1301 2639 quod

379 2643 512 2704 eoelesia
532 2643 688 2722 accipiens
712 2645 874 2723 opiniones
897 2663 960 2705 non
989 2644 1064 2704 fauit
1085 2644 1157 2706 ideo
1180 2663 1222 2704 ex
1243 2640 1301 2720 spi·

379 2724 522 2788 nieaihus
541 2728 686 2789 veritates
653 2745 696 2790 es.
730 2726 806 2787 Ideo
837 2726 877 2788 ad
897 2727 987 2790 istam
1009 2727 1121 2788 Leonis
1143 2727 1182 2788 X.
1206 2724 1300 2786 deela-

303 2845 306 2857 ι
379 2810 532 2871 rationem
554 2809 643 2887 dieo,
665 2810 743 2869 sieut
762 2811 794 2870 in
817 2810 903 2872 Aetia
925 2810 999 2889 dixi,
1019 2829 1082 2872 non
1106 2811 1232 2891 probari
1253 2825 1301 2868 nu-

380 2893 428 2954 dis
458 2893 561 2955 verbis
585 2893 774 2972 praesertim
806 2893 965 2956 hominum
993 2895 1203 2975 indulgentias
1236 2907 1299 2954 esse

380 2975 425 3038 da
442 2977 586 3038 thesemo
610 2976 723 3038 Christi
743 2983 898 3056 sumptas,
926 2985 958 3038 et
979 2977 1101 3038 solvere
1122 2997 1242 3058 poenas
1262 2976 1300 3034 iu·

380 3061 464 3120 stitia
484 3057 590 3120 divina
610 3060 790 3142 requisitas,
823 3023 898 3121 lieet⁷
929 3062 1106 3140 opinionem
1135 3080 1200 3122 non
1223 3059 1299 3120 dam·

381 3161 461 3203 nern.
483 3143 573 3221 Nam,
595 3148 628 3203 ut
649 3141 750 3202 diuam
772 3142 856 3222 quod
878 3146 996 3221 sentio,
1019 3163 1088 3205 enin
1106 3143 1223 3208 Christi
1245 3158 1299 3200 me·

379 3226 456 3301 rita,
479 3227 544 3287 sive
565 3226 755 3304 aeeipiantur
776 3234 810 3286 ut
831 3225 991 3308 suffragia,
1033 3229 1099 3289 sive
1121 3240 1301 3318 quoeunque

383 3269 475 3370 modo
499 3316 530 3369 et
550 3309 696 3387 nomine,
735 3309 933 3371 nihilominus
956 3318 1027 3374 sunt
1050 3312 1157 3372 merita
1180 3306 1299 3383 Christi,

381 3410 440 3452 nee
460 3401 586 3472 propter
606 3412 694 3454 usum
725 3393 776 3453 vel
809 3394 1048 3491 applieatiopem
1077 3392 1299 3473 metamorphe

380 3475 428 3535 sin
449 3475 590 3538 subeunt
633 3475 665 3537 ei
693 3483 796 3536 autern
817 3484 889 3538 sunt
917 3479 1025 3538 merita
1046 3478 1174 3554 Christi,
1208 3475 1300 3571 gratis

380 3563 413 3618 et
433 3558 545 3618 veritas
567 3566 647 3637 suut,
669 3560 756 3620 iuxta
777 3560 854 3620 illud
876 3560 955 3625 Psoi,
964 3564 1018 3626 25:
1041 3523 1214 3622 Universae
1236 3560 1299 3619 viae

382 3640 506 3702 Domini
525 3642 789 3706 misericordiset
777 3645 989 3722 tveritas,et
957 3645 1120 3706 et.Johan
1142 3649 1175 3707 1:
1200 3625 1299 3706 Grada

380 3730 412 3785 et
438 3725 550 3786 veritas
571 3745 661 3809 per
648 3725 754 3787 lesum
780 3726 933 3788 Christum
956 3728 1038 3788 faeta
1070 3735 1137 3806 est·
1105 3727 1298 3788 hibidem·

384 3807 522 3872 Vidimus
540 3791 669 3940 plenum
689 3810 806 3889 gratiae
828 3817 859 3870 at
880 3811 1030 3876 veritatis
1061 3811 1164 3886 Quare
1187 3804 1299 3872 ansusi

337 4027 343 4040 x
416 4068 448 4138 1)
470 4071 500 4122 In
520 4070 564 4148 ed.
582 4041 640 4124 len.
660 4076 687 4124 et
705 4070 781 4148 apud
800 4070 929 4126 Loeseh.:
950 4071 1162 4142 indulgentiam.
