3075 4775
346 540 409 607 124
498 594 501 601 ,
534 544 693 613 Disputatio
712 546 821 613 Lipsiae
841 546 934 601 habita
952 546 1060 603 aleX

346 736 379 793 et
398 731 478 793 adeo
500 734 762 815 metamorphosin
786 741 892 812 susat,
927 740 961 795 ut
982 736 1145 817 ignorem,
1175 756 1216 797 an
1239 739 1272 797 in

347 822 556 894 opponentem
577 818 626 877 vel
649 817 888 897 respondentem
903 819 1197 883 sittransfurmatds.
1222 820 1273 881 Ad

347 917 413 960 rem
434 898 588 961 brevibus.

427 981 590 1061 Nunquam
606 984 757 1043 somniavi
778 984 861 1044 illam
877 986 1146 1064 nonaequentiam:
1162 987 1273 1047 Petrus

347 1063 560 1145 praeditavit,
583 1084 658 1147 ergo
678 1067 735 1127 fuit
755 1068 880 1145 primus.
914 1067 1034 1129 Deinde
1057 1067 1273 1131 eredulitatem

347 1167 448 1208 meam
470 1148 509 1209 de
521 1149 650 1209 Matthia
669 1150 833 1230 improbat,
855 1156 1011 1211 ettamen
1033 1153 1185 1219 rationem
1209 1172 1271 1214 me·

345 1250 396 1291 am
417 1243 481 1293 non
504 1231 601 1292 diluit.
635 1216 779 1293 Matlhias
795 1276 797 1285 «
816 1238 847 1293 et
875 1235 970 1294 ceteri
992 1235 1128 1313 apostoli
1149 1235 1273 1297 inerunt

347 1316 497 1394 episcopi,
520 1322 552 1375 et
571 1334 635 1376 non
657 1315 781 1375 fuerunt
802 1315 934 1377 ordinati
957 1317 1135 1397 aOhristo,
1157 1338 1217 1379 nee
1239 1338 1276 1379 se
1302 1361 1308 1367 -

345 1398 432 1477 ipsos
453 1397 691 1472 ordinaverunt,
714 1418 809 1478 quare
831 1418 893 1460 non
915 1401 974 1460 nisi
997 1400 1128 1461 a⁸Petro
1150 1401 1275 1463 fuerunt

346 1480 500 1555 ordinati,
522 1499 612 1560 quem
636 1481 773 1543 Christus
795 1487 949 1561 pastorem
973 1484 1139 1545 constituit.
1168 1483 1274 1559 Quare

347 1582 468 1625 meeum
492 1558 607 1641 eredat,
629 1565 679 1625 vel
701 1564 784 1625 aliud
808 1564 844 1639 ¹)¹
863 1565 903 1625 ad
925 1565 1001 1626 illud
1023 1567 1222 1646 respondeat.

429 1647 708 1719 Deexousatiune
728 1647 810 1708 Petri
847 1649 979 1727 imponit
1013 1649 1087 1709 mihi
1114 1668 1272 1730 uunquam
1303 1708 1306 1713 .

346 1730 522 1809 cogitatum.
552 1728 643 1804 Quod
661 1732 823 1810 primatum
835 1733 1041 1811 separaverim
1064 1732 1103 1793 ab
1126 1733 1272 1812 operibus

346 1811 617 1879 administrationis
639 1813 767 1873 aliorum
792 1814 1015 1894 apostolorum,
1037 1834 1193 1893 nunquam
1215 1816 1275 1877 fuit

346 1889 458 1955 meniis
480 1914 578 1974 meae,
601 1896 664 1957 imo
686 1896 821 1977 allegavi
843 1898 877 1957 B.
889 1896 1082 1977 Gregorium,
1106 1899 1184 1959 alios
1208 1900 1273 1979 epi·

346 1996 461 2057 suppos
482 1985 612 2039 vocatos
632 1980 665 2038 in
685 1986 806 2059 partem
828 1979 1052 2058 sollicitudinis,
1076 2000 1139 2041 non
1160 1982 1192 2041 in
1204 1981 1273 2061 ple·

346 2060 514 2121 uitudinem
536 2063 709 2140 potestatis.
1192 2092 1195 2099 ·

410 2144 475 2204 ·De
496 2144 656 2223 Bernardo
677 2163 769 2225 super
791 2146 922 2206 transitu
946 2146 1027 2205 Petri
1060 2164 1153 2226 super
1174 2165 1273 2227 mare,

309 2293 313 2297 ⁵
345 2225 418 2286 disit
439 2227 516 2286 nihil
537 2227 639 2288 faeere
660 2226 700 2287 ad
721 2229 896 2308 primatum.
920 2228 966 2288 De
985 2247 1047 2307 quo
1070 2229 1172 2307 miror,
1196 2248 1273 2307 quo·

345 2308 440 2370 ruodo
463 2310 565 2371 disere
581 2312 688 2390 possit,
711 2310 938 2391 siBernarduru
962 2310 1046 2393 legit.
1068 2312 1147 2373 Nam
1165 2330 1205 2371 ex
1226 2313 1272 2373 iu·

345 2394 485 2454 tentione
495 2394 668 2454 Beruardus
690 2394 788 2455 voluit
808 2394 949 2474 probare·
962 2414 1002 2454 ex
1022 2395 1085 2455 hoo
1105 2396 1272 2474 primatum

312 2534 317 2540 .
345 2471 476 2556 Elugeuii
499 2478 706 2557 supe1·‚ali0s,
744 2484 777 2537 et
805 2483 904 2538 totum
933 2477 1080 2539 muudum
1103 2478 1217 2543 debere
1242 2481 1273 2540 ei

345 2576 415 2638 esse
442 2558 631 2637 subiectum,
662 2579 724 2620 uun
755 2561 800 2620 sio
827 2559 895 2620 aliis
927 2562 1083 2640 episeopis
1114 2561 1164 2622 vel
1196 2581 1272 2642 apo-

347 2641 444 2704 stolis.
856 2677 858 2680 ·
966 2647 969 2653 ’

399 2760 402 2767 =
429 2723 476 2783 De
497 2729 611 2784 statere
633 2745 672 2785 ex
694 2725 783 2785 litera
818 2726 958 2804 sequenti
995 2726 1061 2786 vult
1083 2720 1195 2788 elisere
1216 2743 1272 2808 op·

345 2808 497 2887 positum,
526 2806 609 2885 quod
632 2814 733 2868 tamen
756 2827 820 2868 uon
842 2809 931 2887 lesit,
954 2808 1008 2869 sed
1032 2809 1169 2870 Christus
1192 2829 1272 2871 mur·

346 2909 414 2950 mur
433 2889 646 2969 apostolorum
671 2892 873 2970 oompesouit.
896 2891 939 2951 At
959 2910 1020 2972 ego
1043 2911 1105 2952 nou
1127 2911 1197 2976 meo
1220 2912 1272 2954 oa·

345 2973 419 3053 pite,
443 2973 497 3033 sed
521 2978 697 3033 sauctorum
711 2973 834 3034 Petrum
857 2973 952 3035 verba
975 2993 1083 3036 saurae
1095 2975 1272 3054 Scripturas
1326 3013 1336 3030 ·

327 3057 484 3135 ¹stettipio,
521 3074 593 3114 nem
616 3074 656 3116 ex
677 3056 739 3117 hoe
760 3057 795 3116 B.
820 3057 1000 3118 Ambrosius
1022 3057 1120 3118 voluit
1141 3057 1271 3130 denota·

345 3144 432 3213 mm,
455 3139 577 3198 Petrum
599 3138 723 3218 reliquis
746 3141 936 3218 superiorem
959 3139 1109 3216 futurum,
1133 3140 1216 3220 quod
1240 3149 1273 3204 et

347 3221 536 3300 Augustinus
557 3223 588 3284 in
612 3229 730 3300 quaest.
773 3221 923 3302 Evsugel.
951 3229 1086 3284 testatur
1102 3225 1272 3303 expressis-

347 3304 436 3363 sime:
456 3303 604 3380 Quaestio
628 3304 701 3365 mihi
722 3306 943 3380 nonooourrit,
964 3323 1058 3384 quare
1080 3312 1187 3367 nostro
1202 3326 1280 3368 sen-¹

348 3386 396 3446 sui
417 3405 479 3448 non
501 3388 676 3463 innitemur,
698 3388 753 3448 sed
775 3387 808 3450 Β.
831 3387 987 3449 Patribus:

404 3464 408 3473 '
431 3469 479 3529 De
500 3467 574 3530 fidei
594 3468 825 3531 defectibilitate
847 3471 967 3532 transiit
989 3471 1089 3549 Pater,
1111 3470 1271 3534 adducens

346 3559 448 3611 minen
470 3552 544 3612 illud
555 3553 728 3632 Augustini,
751 3551 834 3632 quod
852 3553 954 3632 fldem,
976 3571 1067 3632 quam
1090 3554 1195 3617 Petrus
1218 3575 1271 3618 ne-

346 3635 439 3714 gavit,
462 3635 540 3695 latro
562 3637 591 3694 in
616 3656 706 3697 eruae
728 3637 869 3698 servavit.
901 3637 941 3697 Et
963 3655 1022 3716 ego
1044 3636 1084 3698 de
1106 3636 1161 3699 illo
1185 3638 1271 3700 dioto

346 3723 479 3778 nauseo.
502 3717 586 3779 Sciat
607 3725 709 3780 lamen
725 3719 919 3795 severendus
942 3720 1041 3799 Pater,
1063 3719 1147 3799 quud
1164 3719 1196 3781 u.
1209 3721 1275 3802 uy-

346 3801 470 3880 priauus
493 3801 593 3862 verbis
616 3803 728 3863 christi
757 3804 881 3863 iunixus
903 3802 1002 3864 voluit
1036 3803 1136 3863 nullas
1164 3804 1271 3866 haese-

376 4079 380 4110 :
399 4058 431 4129 1)
450 4059 544 4121 Ined.
563 4059 742 4129 sripdssst:
761 4059 848 4136 aliud.
900 4113 903 4120 ,
