3075 4775
1165 303 1377 310 ----—-—-·—.—.

497 550 556 607 suis
573 550 680 621 Lipsiae
699 504 845 621 disputatis
863 564 890 606 a.
910 550 982 605 xlx.
1123 546 1186 615 281

282 732 469 797 Sanctorum
482 736 786 815 meritisnosiuvari,
809 728 923 812 certum
938 743 1002 798 est:
1024 756 1093 799 esse
1114 755 1166 798 au·
1200 786 1204 792 .

283 825 344 881 tem
377 818 554 881 thesaurum
585 820 840 903 indulgentiarum
863 839 955 881 nemo
977 822 1035 881 nisi
1058 819 1166 882 foedus

282 901 437 981 adulator,
461 910 695 985 extravagantes
718 905 887 982 averitate,
908 911 940 965 ει
960 903 1052 965 lictae
1074 922 1165 983 quae·

285 984 357 1046 dam
384 984 537 1047 ecclesiae
558 1007 670 1067 praxea
691 994 744 1049 aut
764 1006 838 1048 usus
859 987 1012 1049 simulant

348 1067 406 1127 llic
438 1068 517 1131 forte
548 1078 673 1151 propter
702 1070 787 1131 illam
821 1070 1054 1131 declaratoriam
1077 1068 1187 1132 Leoni·

264 1170 335 1213 narn
370 1151 514 1213 addenda
545 1162 617 1215 sunt
643 1153 792 1234 quaedam
819 1155 873 1229 iis,
901 1173 980 1233 quae
1005 1153 1134 1232 copiose
1155 1154 1186 1212 in

264 1234 520 1297 Resoluticnibus
542 1236 615 1299 dixi.
657 1238 775 1316 Primo,
798 1236 943 1318 quidquid
966 1238 1006 1296 sit
1026 1235 1066 1296 de
1088 1242 1187 1296 extra

263 1324 401 1399 vagante
412 1318 464 1379 illa
478 1326 509 1380 et
519 1317 730 1398 declaratoria,
753 1327 869 1381 certum
881 1321 969 1381 estin
986 1339 1077 1380 manu
1090 1318 1187 1379 ecele-

264 1402 331 1461 siae
354 1408 407 1461 aut
428 1402 530 1481 Papae
551 1422 676 1481 prorsus
698 1422 852 1481 nonessc,
875 1403 1019 1464 articulos
1039 1401 1112 1461 fidei
1127 1408 1190 1463 sta·

264 1493 363 1556 tuere,
387 1486 449 1544 imo
472 1504 530 1545 nec
549 1486 635 1567 leges
660 1506 851 1548 mommsen
872 1487 1023 1548 bonorum
1046 1504 1184 1566 operum,
1208 1490 1229 1504 ’“

230 1600 234 1611 =
264 1566 350 1647 quod
373 1566 453 1627 haec
474 1570 577 1629 omnia
598 1571 628 1630 in
651 1572 746 1631 sacris
759 1570 853 1631 literis
875 1572 938 1631 sint
949 1568 1069 1630 tradita
1110 1567 1185 1629 ldao

264 1650 417 1729 reliquum
440 1658 497 1729 est,
519 1658 553 1713 ut
568 1654 764 1715 articulorum
787 1653 1042 1715 declarandorum
1057 1656 1187 1713 tautum

163 1738 165 1745 '
265 1732 362 1795 modo
385 1740 570 1813 potestatem
594 1735 721 1813 habeat,
755 1735 867 1800 deinde
895 1738 1085 1797 ceremonias
1109 1733 1188 1795 ordi·

162 1886 163 1901 ,
266 1835 343 1878 nare
368 1814 408 1877 ad
431 1825 588 1889 externam
611 1822 744 1899 speciem
768 1819 919 1880 ecclesiae
940 1819 1009 1897 Dei,
1030 1838 1106 1897 quas
1127 1838 1189 1878 rur·

162 1928 163 1937 ¹
263 1919 332 1960 sum
356 1898 514 1979 destituat,
536 1903 563 1961 si
584 1903 706 1980 pietatis
729 1903 807 1963 ratic
830 1902 975 1982 postulet.

351 1981 471 2044 Deinde
491 1986 522 2045 in
545 1983 738 2045 declarandis
751 1985 823 2047 fidei
845 1984 979 2046 articulis
1002 1988 1134 2063 oportet,
1155 1989 1189 2043 ut

266 2086 329 2127 non
356 2084 412 2127 ecs
433 2066 594 2145 adhibeat,
623 2069 674 2147 qui
695 2068 838 2130 humanis
860 2066 1087 2141 traditionibus,
1119 2067 1189 2127 iuri·
1216 2130 1225 2147 l

265 2150 323 2211 bus
348 2156 380 2209 et
402 2150 598 2229 opinionibus
620 2158 691 2212 sunt
712 2153 858 2226 exerciti,
885 2151 916 2212 hi
944 2150 1019 2211 nihil
1042 2150 1114 2210 boni
1138 2148 1188 2209 de·

265 2231 439 2308 clarebunt,
461 2232 515 2311 sed
539 2234 876 2316 theolcgcsinsiguiter
897 2234 1043 2311 eruditos,
1065 2234 1188 2311 vitaque

231 2328 233 2339 ’
267 2313 430 2396 probatos,
452 2322 485 2377 ut
507 2322 539 2376 et
558 2316 710 2378 lohannes
732 2317 853 2379 Gerson
876 2327 996 2394 censet,
1019 2335 1081 2377 non
1112 2317 1191 2375 sicut

266 2398 362 2465 hodie
386 2407 487 2460 errant
509 2399 630 2479 quidam
654 2400 802 2480 pontificii
826 2401 1016 2478 adulatores,
1046 2400 1188 2478 quisine
1301 2409 1309 2422 '

266 2482 384 2558 literis,
415 2483 482 2542 sine
510 2483 630 2544 ratione
665 2483 764 2545 bonae
795 2486 891 2560 vitae,
923 2484 1128 2564 pronunciant
1149 2481 1188 2542 de

267 2565 372 2645 capite
393 2583 467 2644 suo,
498 2565 583 2626 velut
604 2568 694 2643 certi,
726 2567 809 2644 quod
833 2567 962 2648 Spiritus
985 2573 1109 2626 sanctus
1131 2583 1187 2624 eos

267 2654 363 2729 regat.
399 2647 551 2725 Fatemur,
573 2650 735 2710 ecclesiam
754 2669 816 2712 non
831 2651 932 2712 deseri
945 2650 1052 2728 spiritu
1066 2647 1188 2722 Christi,

161 2745 162 2756 ¹
267 2731 323 2792 scd
346 2730 480 2792 ecclesia
500 2731 543 2792 ibi
564 2751 627 2793 non
648 2733 827 2813 intelligitur
846 2733 932 2811 Papa
954 2739 985 2794 ει
999 2729 1188 2807 cardinales,

161 2821 163 2832 '
268 2813 436 2875 autetiam
460 2813 640 2876 Concilium.
683 2815 756 2878 Ideo
779 2815 926 2896 ponenda
946 2822 993 2876 est
1012 2815 1072 2874 ista
1093 2811 1188 2872 stulta

268 2895 381 2957 fiducia
401 2899 571 2977 praesentis
584 2899 706 2977 spiritus
728 2901 938 2977 securitasque
954 2892 1188 2978 pronunciandi,
1235 2933 1240 2937 -

269 2987 391 3040 etcum
414 2981 523 3040 timore
545 2981 691 3041 consultis
713 2983 808 3042 sacris
830 2982 927 3042 literis
949 3002 997 3041 res
1019 2977 1165 3060 gerenda.

227 3073 234 3088 ·
352 3061 495 3123 Secundo
518 3062 598 3138 dico,
621 3063 703 3144 quod
726 3067 836 3126 merita
848 3064 960 3125 Christi
980 3062 1187 3139 auntapiritus

270 3151 300 3206 et
321 3147 400 3218 vita,
429 3153 501 3205 sunt
521 3148 620 3225 gratia
641 3154 672 3208 et
694 3149 823 3223 veritas,
846 3155 879 3208 ut
900 3148 1005 3208 lohan.
1027 3144 1059 3205 lz
1080 3143 1196 3210 Gratia,

270 3233 301 3288 et
320 3228 435 3290 veritus
458 3247 513 3307 per
532 3229 637 3291 desum
661 3229 812 3292 Christum
835 3229 917 3291 lacta
939 3237 995 3292 est.
1038 3227 1113 3289 Cam
1137 3245 1188 3286 au·

270 3316 330 3372 tem
353 3311 385 3372 in
408 3310 663 3373 nulliushorninis
685 3321 840 3393 potestate
852 3315 901 3390 sit,
923 3313 1052 3394 gratiam
1065 3310 1184 3371 etvari-

269 3399 374 3470 tatem,
396 3394 534 3472 spiritum
557 3401 587 3456 et
608 3396 700 3456 vitam
724 3397 873 3472 tribuere,
894 3395 966 3457 ideo
989 3413 1051 3454 non
1073 3394 1187 3474 poterit

270 3475 355 3558 Papa
376 3475 427 3540 vel
449 3476 581 3538 ecclesia
602 3469 710 3541 merita
731 3478 842 3546 Christi
865 3478 1055 3558 dispensare,
1078 3475 1109 3538 id
1131 3481 1188 3551 eat,
1254 3493 1264 3502 ‘
1353 3538 1360 3553 ,

270 3559 399 3640 gratiam
422 3568 454 3620 et
476 3561 643 3622 veritatem.
681 3561 812 3624 Ethanc
833 3561 1015 3622 sententiam
1036 3561 1080 3620 ita
1096 3567 1187 3620 teneo
1269 3628 1276 3636 .

271 3661 307 3703 ac
328 3641 457 3721 tenebo,
480 3643 601 3704 etiamsi
624 3645 752 3725 angelus
775 3645 813 3706 de
835 3642 935 3719 coelo,
957 3642 1069 3704 nedum
1093 3642 1187 3721 Papa,

271 3725 354 3786 aliud
388 3724 514 3804 dixerit;
546 3727 793 3807 quandoquidem
826 3735 857 3788 et
884 3728 1028 3807 universa
1056 3724 1189 3786 ecclesia

272 3825 441 3888 omnesque
468 3808 501 3868 in
525 3827 617 3870 unum
639 3809 792 3874 Doctores
819 3805 949 3891 negent,
979 3809 1108 3892 gatiam
1132 3805 1189 3867 Dei

272 3909 326 3970 per
349 3891 505 3952 hominem
526 3887 601 3954 dari.
1142 3961 1148 3968 ,

354 3971 488 4052 Quodsi
510 3973 640 4037 dixeris:
661 3975 818 4056 applicare
840 3977 942 4036 tamen
955 3979 1059 4056 potest
1080 3971 1187 4031 merita

273 4055 394 4138 Christi,
416 4075 478 4137 quo
499 4057 602 4138 volet,
631 4057 823 4138 respondeo:
853 4057 963 4120 Merita
983 4053 1096 4117 Christi
1117 4058 1189 4114 sunt
1231 4085 1236 4094 .

943 4193 966 4223 l
