3075 4775
556 545 706 612 Quomodo
721 548 760 598 sit
779 544 933 602 orandum„
1138 542 1200 610 445

364 732 440 794 ideo
475 737 578 794 autam
601 749 740 811 nmmos,
777 733 860 813 quod
898 734 990 814 digne
1020 753 1109 796 orare
1138 753 1201 796 nou

282 834 463 896 possumus,
492 822 524 876 et
542 815 615 876 ideo
636 816 722 895 digni
741 817 925 898 iudioamur,
955 818 1006 896 qni
1029 835 1152 880 oramus
1172 826 1203 880 at
1305 833 1307 840 ’

281 899 499 979 exaudiamur,
527 897 611 978 quod
632 900 799 960 sentiamus
824 907 960 962 nostram
979 899 1201 981 indignitatem,

282 989 315 1042 et
335 982 432 1042 soiius
450 981 507 1042 Dei
529 982 719 1062 benignitate
741 991 773 1043 et
794 982 854 1044 fide
876 981 1053 1044 audeamus.
1098 983 1202 1059 Qusn-
1252 1029 1256 1038 .

282 1066 396 1126 tumvis
417 1064 575 1146 indignum
599 1075 630 1125 te
652 1067 782 1144 sentias,
816 1068 867 1147 qui
891 1087 909 1128 a
931 1067 998 1128 Deo
1022 1067 1070 1128 val
1097 1075 1201 1148 postu·
1319 1083 1321 1088 ·

281 1148 347 1210 iare
379 1148 495 1227 aliquid
529 1148 579 1210 vel
611 1149 753 1228 aaoipers
785 1153 947 1228 merearis,
985 1149 1046 1211 hoo
1079 1152 1200 1212 nnioum

283 1238 401 1294 mutum
424 1240 547 1312 speota,
568 1240 603 1291 ut
622 1231 741 1292 bonore
762 1251 876 1294 nomen
898 1236 979 1310 aius,
1001 1233 1083 1312 quod
1108 1253 1201 1295 verax

282 1316 338 1394 sit,
359 1313 494 1393 affioias,
515 1332 616 1394 neque
637 1315 836 1376 incredulitas
858 1310 911 1380 tiro
931 1314 993 1378 fida
1015 1320 1110 1397 ipsius
1132 1337 1201 1397 pro-

283 1399 378 1460 missa
398 1417 455 1478 pro
483 1398 646 1459 mendacio
667 1405 798 1479 reputet.
840 1399 949 1480 Neque
970 1401 1050 1460 anim
1072 1401 1201 1482 indigui-

153 1547 163 1566 ,
283 1490 330 1542 tas
353 1488 456 1541 tuate
478 1481 617 1561 impedit,
639 1484 718 1541 siout
739 1501 862 1561 quoque
880 1483 955 1544 nihil
977 1491 1006 1545 te
1028 1492 1201 1564 promovet,

282 1567 310 1626 si
331 1565 373 1624 sis
385 1564 506 1646 dignus,
528 1564 584 1625 sed
606 1564 674 1625 sola
690 1565 889 1628 incredulitas
912 1575 942 1626 te
964 1565 1103 1646 darnnat,
1120 1567 1202 1628 ¹fides

282 1655 386 1710 autem
409 1650 535 1729 dignum
558 1658 589 1708 ts
609 1648 684 1710 facit
705 1660 737 1708 et
757 1658 861 1710 servat
880 1657 921 1712 te.

365 1731 434 1792 Hoo
461 1733 552 1812 igitur
578 1730 743 1812 diiigenter
768 1731 911 1812 devehis,
941 1753 980 1794 na
1008 1753 1143 1813 unquam
1172 1742 1202 1796 te

283 1816 410 1896 dignum
443 1817 509 1876 sive
539 1814 579 1876 ad
607 1814 800 1876 adurendum
830 1817 896 1878 siva
924 1816 963 1877 ad
986 1817 1201 1897 saaipiendun

283 1899 458 1976 existimes,
480 1899 539 1959 nisi
562 1907 641 1977 tum,
671 1917 739 1958 oum
759 1900 874 1960 sentias
896 1907 927 1960 ta
948 1918 1042 1980 possa
1063 1907 1129 1961 tuto
1151 1920 1202 1960 au·

284 1982 367 2060 dare,
388 1989 420 2042 et
441 1984 529 2045 inuiti
550 1984 641 2043 certia
665 1981 875 2044 aoveraoibus
896 1983 1055 2062 promissis
1077 1985 1202 2064 propitii

284 2066 328 2126 tui
348 2065 422 2144 Dei,
461 2063 501 2126 de
531 2067 617 2126 ouius
651 2064 862 2126 miserimrdia
894 2084 933 2126 eo
965 2066 1101 2144 debebas
1132 2085 1201 2129 esse

283 2149 413 2228 sortior,
446 2147 545 2228 quod,
576 2149 836 2228 quemadmodum
858 2151 1000 2229 promisit
1015 2149 1143 2232 indigno
1165 2170 1203 2212 ao

283 2232 437 2292 immerito
461 2231 514 2292 tibi
537 2251 571 2292 se
592 2232 667 2292 nihii
684 2239 877 2313 negaturum,
897 2234 941 2293 ita
953 2251 1087 2313 quoquo,
1109 2253 1202 2314 quan-

284 2316 396 2378 tumvis
410 2314 554 2396 indignus
575 2318 627 2395 sia,
649 2316 797 2378 exaudire
818 2322 922 2378 tamen
944 2317 1061 2401 tevnlt,
1085 2325 1117 2378 ut
1137 2319 1203 2378 red·

282 2402 359 2461 imat
379 2396 472 2462 fldem
495 2418 592 2478 suam,
614 2418 705 2478 quam
728 2400 783 2460 tibi
804 2399 898 2466 dedit,
1178 2446 1182 2451 -

368 2482 457 2543 Adeo
479 2482 556 2545 nibil
576 2483 689 2543 nostris
711 2484 827 2543 meritis
851 2490 904 2543 aut
915 2483 1055 2565 dignitati
1079 2478 1202 2547 nostras
1266 2528 1268 2533 -

283 2566 423 2629 relietum
442 2573 500 2643 est,
521 2565 576 2627 sad
599 2567 704 2626 omnia
724 2566 784 2628 sibi
806 2566 980 2646 vendioant,
1003 2578 1065 2627 tum
1087 2571 1201 2629 veritas
1308 2616 1310 2623 .

285 2650 358 2727 Dei,
387 2668 466 2729 quaa
488 2649 742 2729 promissionibus
764 2649 924 2727 satisfacit,
947 2656 1010 2711 tum
1035 2651 1127 2710 etiam
1150 2656 1202 2711 mi·

284 2732 454 2795 sarioordia
475 2733 547 2810 Dei,
580 2752 620 2793 ex
651 2750 714 2812 qua
742 2750 799 2793 deu
828 2752 869 2793 ox
889 2733 975 2794 fonte
1002 2752 1110 2795 omnes
1133 2753 1202 2814 pro-

284 2818 449 2877 missiones
471 2823 647 2895 manarunt,
677 2822 711 2876 ut
730 2823 799 2877 rata
819 2823 944 2879 maneat
965 2818 1118 2877 sententia
1139 2818 1202 2896 iila,

284 2899 397 2963 Psalm.
420 2904 476 2964 25:
521 2900 692 2962 Universae
726 2900 796 2961 viae
828 2900 954 2961 Domini
993 2901 1204 2961 miseridordia

284 2992 318 3045 et
338 2984 460 3045 varim.
504 2982 745 3044 Miseriaordiam
785 2984 866 3044 anim
897 2986 1049 3045 cernimus
1077 2984 1108 3043 in
1135 3002 1203 3064 pro-

285 3067 492 3149 missionibus,
515 3068 674 3127 veritatem
687 3073 790 3127 sutem
814 3074 887 3145 tum,
901 3086 970 3128 oum
992 3076 1153 3129 servantur
1174 3076 1205 3127 et

285 3149 372 3212 dunt.
415 3150 455 3209 Et
474 3150 587 3209 Psaim.
609 3151 664 3213 85:
700 3150 912 3211 Miserioordia
943 3158 975 3211 et
1010 3152 1122 3212 veritas
1151 3151 1203 3213 ob-

285 3234 447 3293 viaverunt
467 3233 539 3310 sibi,
572 3234 633 3294 hoo
654 3242 718 3309 est,
749 3236 939 3295 conveniunt
968 3242 998 3294 et
1028 3241 1203 3313 seruantur,

285 3318 470 3377 ooniunotae
490 3318 522 3377 in
546 3334 734 3396 unoquoque
755 3336 852 3398 opere
872 3325 925 3377 ant
946 3317 1047 3396 dono,
1079 3318 1163 3398 qnod
1186 3338 1204 3379 a

287 3401 353 3461 Deo
374 3399 516 3481 precibus
537 3402 651 3462 nostris
671 3401 880 3479 impetramus.

370 3482 495 3559 Quinto,
517 3483 571 3543 iila
592 3482 680 3561 fides,
703 3502 765 3562 qua
785 3484 843 3544 Dei
864 3485 1118 3565 promissionibus
1142 3504 1204 3546 ere-

285 3568 401 3646 dimus,
436 3569 480 3627 sio
501 3566 590 3628 nobis
613 3566 802 3628 moderanda
829 3576 891 3645 ast,
929 3586 968 3628 ns
990 3586 1081 3647 quem
1105 3572 1205 3629 termi-

285 3670 377 3729 num,
410 3659 545 3730 tampus,
578 3651 679 3711 ionum
707 3658 760 3711 aut
781 3650 906 3712 modum
928 3650 996 3713 Deo
1025 3658 1204 3729 statuamus,

285 3735 341 3795 sed
365 3736 469 3795 omnia
491 3732 545 3810 illa
566 3735 774 3813 relinquamus
791 3735 952 3814 voluntati,
976 3723 1147 3816 sapientiae
1168 3754 1205 3795 ao

286 3820 370 3879 omni
392 3819 550 3898 potentiae
571 3819 683 3898 ipsius,
707 3819 781 3878 serti
803 3818 878 3897 fore,
901 3826 934 3877 ut
955 3817 1031 3880 flant
1052 3838 1131 3898 qnae
1152 3838 1204 3899 ps-

285 3903 393 3982 timus,
427 3903 546 3961 etiamsi
568 3920 669 3980 neque
691 3902 788 3980 loona,
810 3918 911 3981 neque
935 3909 1070 3982 tempus,
1101 3918 1204 3979 neque

287 3987 380 4046 etiam
395 3989 493 4064 ratio,
515 4001 576 4063 qna
597 3984 681 4065 fiant,
703 3993 861 4066 appareat.
903 3984 971 4046 Hoc
985 3987 1065 4046 anim
1088 3992 1204 4044 sertum

285 4079 351 4149 ast,
373 4069 508 4131 divinam
530 4071 712 4151 sapientiam
735 4069 829 4150 longe
852 4068 959 4129 melius
979 4068 1033 4129 ilia
1054 4086 1147 4129 nosse
1169 4086 1206 4129 ao
1233 4096 1238 4102 ·
