3075 4775
380 548 445 619 228
630 553 723 609 Resol.
743 554 772 607 t.
791 570 877 623 super
896 554 1081 623 Proposition

579 734 876 833 Resolutionos
905 738 1087 835 Lutheri
1151 732 1159 749 ’

379 924 863 1008 superP'ropositionibus
886 927 967 986 suis
989 926 1151 1007 Lipsiae
1173 925 1299 1005 dispu-

658 1009 754 1069 tatis
777 1008 1017 1070 emendatae.
1078 1014 1083 1019 '

749 1290 933 1353 Jesns.

640 1457 759 1536 Optimo
783 1461 815 1520 st
829 1458 954 1541 ,erudito
974 1452 1049 1518 Viro
1085 1421 1090 1435 Ι

375 1593 413 1656 D.
426 1590 562 1673 Georgio
586 1590 755 1673 spalatino,
782 1591 976 1653 illustrissimi
988 1592 1136 1671 Principis
1151 1588 1299 1650 Frideriei

376 1674 542 1752 Saxouiae,
565 1674 715 1735 Eleutetis
740 1676 868 1755 lmperii,
892 1674 1089 1754 eiusdemque
1102 1674 1215 1734 Vioarii
1241 1681 1298 1734 eto.

332 1763 334 1767 ’
606 1776 625 1818 a
646 1756 756 1818 libellis
779 1765 811 1818 et
832 1760 939 1836 saeris,
960 1777 1016 1846 suo
1039 1758 1070 1819 S.
1171 1823 1174 1827 ,

457 1922 623 1984 Historiam
644 1922 783 1983 famosae
819 1923 907 1984 huius
930 1923 1165 2003 disputationis,
1203 1939 1298 2001 quam

306 2030 307 2041 ¹
375 2007 496 2089 Lipsiae
516 2005 693 2083 habuimus,
730 2007 846 2086 optime
868 2006 1049 2088 spalatina,
1083 2006 1168 2085 oupis
1191 2024 1298 2083 nosse,

375 2110 413 2151 ea
435 2090 482 2152 vel
508 2090 640 2149 maxime
664 2106 775 2167 eausa,
809 2089 891 2168 quod
921 2089 1054 2149 audieris
1082 2088 1207 2147 Ecoium
1246 2106 1298 2147 no·

374 2180 486 2246 strum,
525 2180 556 2232 et
577 2171 731 2231 Eooisnse
762 2171 908 2235 factionis
930 2172 1049 2252 aliquot
1068 2171 1210 2231 homines
1236 2173 1297 2231 iam

374 2256 424 2317 diu
448 2265 479 2317 et
499 2272 609 2315 secure
631 2255 826 2334 triumphare,
851 2256 1054 2335 encomiaque
1069 2261 1203 2315 eantare.
1227 2254 1298 2333 Ego

374 2358 449 2402 sane
466 2337 598 2422 gaudeo,
622 2341 652 2400 et
673 2340 786 2419 gratias
810 2340 929 2420 ago,·si
950 2345 1013 2400 tam
1035 2358 1109 2400 vera
1130 2344 1178 2398 est
1199 2337 1297 2398 vieto·

373 2425 427 2501 ria,
449 2442 540 2504 quam
565 2440 676 2502 magus
698 2429 745 2482 est
766 2424 922 2484 iaetantia.
944 2421 1024 2498 Quid
1047 2424 1128 2482 enim
1150 2421 1297 2482 Christia-

375 2508 432 2584 nis,
454 2506 634 2588 praesertim
657 2504 828 2586 theologis,
865 2507 963 2586 magis
985 2504 1173 2586 optandum,
1201 2521 1296 2582 quam

374 2599 407 2650 ut
426 2591 540 2660 veritas
562 2587 748 2668 triumphet,
771 2608 855 2650 error
875 2589 1073 2650 traducatur?
1097 2586 1156 2649 Sed
1180 2607 1297 2666 rursus,

373 2673 496 2752 quaudo
519 2689 653 2750 unquam
670 2671 806 2732 ausfltum
829 2680 878 2733 est
909 2693 928 2732 a
946 2673 1072 2749 seoulo,
1099 2671 1190 2752 ,hano
1224 2689 1297 2731 esse

372 2756 502 2837 gloriam
516 2774 618 2814 veram
641 2762 672 2816 et
693 2753 844 2834 stabilem,
866 2775 946 2835 quae
968 2757 1112 2834 seipsam
1126 2751 1295 2834 praedicat,
1377 2800 1378 2819 ,

374 2847 405 2900 et
426 2847 498 2901 ante
520 2845 639 2918 tempus
662 2837 779 2898 iaotat?
800 2838 913 2899 Nonne
931 2840 962 2898 in
984 2839 1147 2898 hanasunt
1167 2855 1296 2916 prover·

373 2921 422 2983 bis
446 2922 547 2983 edita:
574 2919 756 2981 Eunomium
778 2932 851 2982 ante
871 2923 1048 2982 victoriam:
1082 2921 1199 2980 Rumor
1220 2927 1295 2980 ante

373 3005 514 3082 salutem,
538 3003 649 3064 deinde
671 3003 745 3063 illud
769 3005 863 3064 trivii:
886 3006 1013 3085 Propria
1034 3004 1101 3064 laus
1123 3001 1239 3077 sordet,
1263 3010 1295 3063 et

372 3087 491 3149 Laudet
511 3095 542 3148 te
575 3105 610 3146 os
633 3087 793 3147 alienum?
828 3087 906 3148 'l'um
929 3087 1084 3169 Christus:
1106 3086 1138 3147 Si
1159 3087 1293 3166 gloriam

371 3191 472 3232 meam
494 3189 629 3251 quaero,
660 3169 760 3251 gloria
784 3189 852 3231 mea
872 3171 948 3231 nihil
977 3178 1033 3248 est,
1062 3177 1094 3230 et
1114 3167 1293 3249 proverbio

372 3273 437 3314 rum
462 3263 551 3315 sutor
572 3252 739 3330 Salomon,
762 3254 936 3315 haereditas
961 3255 1109 3333 (inquit),
1135 3251 1176 3312 ad
1198 3271 1305 3331 quam¹

371 3337 402 3396 in
425 3339 576 3418 principio
599 3337 767 3414 testinatur,
789 3337 820 3396 in
843 3336 904 3397 fine
927 3336 1143 3398 benedictione
1164 3335 1293 3408 parebit.

371 3420 470 3480 lustus
493 3423 574 3481 enim
599 3417 773 3501 (Scriptura
795 3420 885 3498 dicit)
924 3422 954 3480 in
979 3421 1128 3500 principio
1158 3437 1220 3478 nou
1244 3426 1294 3478 est

369 3503 519 3580 iaotator,
549 3502 604 3564 sed
627 3511 790 3565 aecusator
811 3505 875 3564 sui:
905 3503 1086 3563 Pharisaeus
1107 3501 1218 3562 sutem·
1233 3503 1292 3581 pri·

372 3605 421 3647 mo
464 3595 512 3647 est
540 3586 682 3648 laudatur
710 3589 779 3657 sui,
828 3585 916 3647 simul
956 3592 1118 3646 accusator
1152 3586 1290 3645 omnium

372 3668 510 3732 aliorum.

379 3791 380 3796 κ
455 3754 500 3813 De
522 3753 616 3814 Eoeio
639 3759 744 3812 nostro
767 3760 869 3812 autem
895 3772 933 3813 eo
956 3751 1073 3812 facilius
1095 3750 1207 3826 oredo,
1228 3751 1290 3809 ise-

371 3843 453 3897 tasse
476 3857 544 3896 sum
566 3836 730 3914 victorias,
767 3837 911 3914 quoiam
935 3836 1009 3896 olim
1040 3833 1113 3894 mihi
1135 3842 1184 3894 est
1203 3834 1289 3912 inge·

370 3921 452 3979 nium
485 3919 617 3979 hominis
639 3928 850 3997 perspectum,
878 3926 911 3977 ut
940 3918 1058 3999 gloriae
1086 3918 1287 3977 miserrimum

369 4003 564 4082 mancipium,
587 4010 648 4060 turn
673 3999 754 4080 quod
777 4003 836 4060 iam
851 4002 948 4080 magis
970 4008 1114 4080 expertus
1138 4018 1215 4073 sum,
1238 4017 1288 4059 so·

369 4085 432 4146 lere
454 4105 521 4146 eum
544 4086 574 4144 iu
597 4083 805 4162 disputatione
828 4085 925 4162 magis
947 4085 1214 4165 criminari-quam
1245 4080 1288 4141 di·
