3075 4775
335 506 398 577 affl
635 511 658 566 1.
679 510 785 585 Cossio
803 508 895 570 DJ.
915 513 993 572 suu.

630 712 692 807 VI
720 712 948 811 (innuimus

575 900 612 961 n.
638 902 800 963 lentini
827 903 1012 965 botheri.

789 1082 813 1145 i.

521 1234 577 1296 De
597 1234 851 1297 Saorsmeuto
877 1236 1077 1316 baptismi.
1184 1250 1186 1257 ·

419 1387 537 1462 Primo,
559 1408 684 1468 nomen,
708 1389 898 1470 baptismus,
919 1408 1063 1471 grasmm
1087 1393 1144 1466 est,
1168 1389 1263 1449 latine

335 1473 554 1549 potentiani,
588 1473 721 1545 mersio,
759 1491 828 1533 oum
858 1473 1067 1553 immergimus
1092 1471 1209 1551 aliquid
1230 1472 1262 1531 iu

336 1572 457 1633 aquam,
479 1561 512 1615 ut
533 1561 631 1616 totum
655 1561 776 1635 tegatur
793 1574 881 1635 aqua.

417 1637 458 1697 lit
479 1638 618 1717 quamvis
638 1638 691 1698 iile
714 1656 781 1699 mos
803 1640 864 1700 iam
886 1638 1076 1701 obsoleverit
1093 1637 1176 1718 apud
1200 1638 1262 1717 pls-

335 1735 449 1800 rosque
472 1722 694 1801 (nequeenim
718 1728 802 1783 totos
823 1722 1007 1804 demergunt
1034 1740 1168 1802 pueros,
1207 1719 1263 1781 sed

335 1808 452 1864 tantum
473 1804 606 1885 pauouia
625 1824 707 1885 aqua
735 1806 953 1885 perfundunt),
975 1805 1130 1867 debebant
1158 1811 1261 1864 tamen

333 1906 459 1967 prorsus
480 1888 638 1969 immergi,
659 1895 691 1949 et
712 1890 816 1949 statim
838 1889 961 1951 retrahi.
982 1888 1016 1949 ld
1039 1888 1120 1949 suin
1143 1893 1262 1967 etymo·
1314 1892 1317 1897 '

334 1970 420 2051 logia
465 1973 601 2032 nominis
652 1972 810 2051 postulare
857 1970 995 2048 videtur,
1045 1978 1078 2031 et
1116 1970 1265 2031 Germani
1335 1980 1340 1988 “

334 2072 459 2134 quoque
497 2055 682 2135 baptismum
711 2056 801 2131 bassii
827 2063 958 2133 vorant,
993 2071 1013 2116 a
1042 2053 1262 2135 probrnditste,

334 2154 426 2279 paam
448 2138 523 2213 ‘Ueii
551 2138 596 2198 ilii
624 2154 680 2197 sua
702 2139 808 2219 lingua
830 2144 963 2214 vorant,
997 2137 1080 2218 quod
1107 2136 1262 2217 profunde

356 2222 472 2301 emergi
494 2222 660 2281 eonveniat
681 2238 746 2299 eos,
765 2223 816 2301 qui
838 2222 1041 2303 baptizantur.

416 2302 569 2389 manue,
590 2306 616 2364 si
638 2311 777 2384 speeies,
811 2305 883 2384 quid
905 2305 1075 2388 baptismus
1098 2301 1261 2383 signiiioot,

333 2384 416 2447 idem
436 2389 549 2467 requiri
572 2389 699 2450 videbis.
721 2389 792 2450 Eoo
812 2391 893 2450 enim
918 2387 1086 2472 signifieat,
1117 2392 1151 2447 ut
1173 2393 1260 2447 vatus

334 2469 428 2532 bomo
450 2479 483 2532 et
502 2473 648 2534 nativitus
675 2479 783 2534 nostra
804 2473 897 2553 plana
918 2473 1079 2554 pennatis,
1117 2489 1198 2549 quae
1221 2490 1260 2529 ex

334 2572 427 2615 earne
447 2560 479 2615 et
500 2558 793 2636 sauguinsoonstat,
812 2563 878 2618 tots
899 2575 956 2637 per
973 2555 1106 2616 divinam
1130 2554 1260 2634 gratiam

334 2636 548 2720 demergatur,
581 2639 612 2698 id
647 2646 731 2718 quod
759 2647 833 2719 post
860 2640 1017 2719 copiosius
1047 2635 1260 2698 indicabimus.

333 2720 476 2782 Debsbst
495 2721 589 2803 igitur
611 2721 721 2783 modus
735 2722 912 2803 baptizandi
933 2720 1125 2804 respondere
1146 2718 1261 2800 signiti-

334 2805 449 2901 optioni
473 2804 635 2885 baptismi,
665 2812 699 2865 ut
719 2814 835 2866 eertum
859 2824 896 2867 aa
917 2806 1042 2887 plenum
1065 2805 1131 2864 eius
1152 2801 1262 2864 aderet

336 2905 361 2947 ss
405 2906 467 2949 um.

362 2907 403 2967 gn
418 2969 582 3048 Secundo,
612 2978 659 3032 est
679 2989 803 3051 quoque
824 2971 996 3052 baptismus
1018 2974 1180 3030 externum
1203 2969 1262 3050 sig·

334 3074 408 3114 num
431 3071 484 3115 seu
507 3060 591 3132 nota,
615 3073 695 3133 quae
716 3073 774 3116 nos
797 3055 944 3116 disseruit
964 3054 1006 3115 ab
1027 3052 1171 3115 omuibus
1194 3052 1262 3113 aliis

333 3137 518 3216 bominibus,
541 3139 592 3217 qui
614 3157 677 3199 uon
699 3146 771 3199 snut
792 3138 949 3218 baptizati,
970 3143 1004 3198 ut
1025 3151 1262 3220 cognoscamur,

336 3221 419 3299 quod
441 3222 536 3281 simus
558 3221 691 3301 popolus
713 3221 810 3282 nostri
833 3220 919 3282 duois
940 3220 1015 3281 Jssu
1037 3219 1170 3300 Obristi,
1205 3217 1261 3278 sub

335 3305 420 3364 ouius
443 3306 537 3385 signis
571 3302 628 3386 (sa
649 3322 723 3364 omx
747 3309 812 3379 est)
843 3304 967 3364 assidue
997 3308 1105 3365 eontra
1133 3309 1264 3382 peooatu

337 3405 520 3468 pugnamus.
1207 3393 1209 3400 “

417 3469 490 3532 Tria
511 3471 603 3552 igitur
622 3471 653 3531 in
668 3471 730 3532 hoo
751 3473 946 3531 sacramento
970 3468 1061 3530 nobis
1083 3473 1155 3528 sunt
1176 3485 1263 3549 spee-

335 3551 439 3628 tanda‚
462 3555 592 3634 siguum,
614 3551 799 3635 signifieatio
821 3551 900 3634 signi
924 3557 956 3613 st
970 3551 1057 3612 tides.
1080 3549 1210 3631 Signum
1232 3553 1263 3612 in

337 3654 375 3696 so
398 3637 558 3715 consistit,
588 3637 670 3717 quod
697 3637 793 3697 bomo
821 3637 851 3696 in
880 3647 992 3714 aquam
1023 3633 1213 3714 demergitur
1233 3636 1263 3694 in

336 3720 461 3780 uomina
483 3719 580 3780 Patris
615 3727 646 3782 st
667 3719 738 3781 Filii
759 3727 792 3780 et
814 3719 943 3800 Spiritus
966 3718 1081 3782 sanati·
1117 3716 1190 3778 Non
1213 3737 1265 3776 au·

336 3810 398 3864 tem
420 3804 451 3862 iu
474 3821 555 3882 aqua
577 3805 740 3880 retinetur,
770 3801 825 3862 ssd
847 3803 948 3862 statim
971 3801 1142 3862 retrahitur.
1186 3801 1265 3861 Hine

336 3887 434 3946 nostri
456 3884 602 3946 Germani
625 3886 831 3946 Oateobistam
855 3885 961 3946 dieunt
983 3884 1022 3945 de
1045 3883 1131 3946 ioute
1150 3883 1263 3963 baptis-

336 3970 378 4029 mi
401 3969 523 4029 levasse
545 3988 689 4047 puerum,
727 3975 848 4030 utemur
870 3970 950 4029 enim
975 3963 1093 4050 vulgari
1114 3965 1265 4046 loquendi

242 4107 248 4114 .
337 4051 569 4113 consuetudine.
612 4050 663 4113 Sia
689 4052 782 4116 ambo
810 4050 864 4116 illa
893 4053 924 4114 in
947 4053 1037 4136 signo
1060 4051 1266 4132 requiruntur,
