3075 4775
345 542 409 611 320
575 546 669 602 Rosol.
688 544 717 601 l..
736 562 823 616 sspsr
839 547 1033 616 Proposidone

346 732 521 814 apostolos,
543 736 724 813 praesertim
747 734 886 814 Paulum,
909 735 994 796 dona
1016 754 1073 795 sua
1094 734 1216 796 diffudit
1240 737 1275 797 in

345 816 442 877 molto
464 817 568 896 plures
591 835 682 898 quam
707 837 763 897 per
777 818 910 897 Petrum,
935 826 968 878 ut
990 818 1065 879 mihi
1090 820 1275 879 miraculum

345 900 395 979 sit,
417 905 479 959 tam
502 900 653 980 profunde
665 901 755 961 huius
777 900 934 981 pontificis
954 911 1090 962 mentem
1103 902 1199 962 lusisse
1222 920 1275 962 oo-

345 989 507 1063 onpatam,
530 990 564 1043 ut
584 984 663 1044 haeo
685 983 822 1045 scribens
845 1004 908 1045 non
933 987 1113 1045 meminisse
1134 986 1276 1065 potuerit

346 1066 432 1125 Pauli
455 1069 487 1126 et
507 1066 638 1127 aliorum
650 1067 871 1147 apostolorum.
916 1066 948 1129 Si
961 1088 1036 1150 ergo
1053 1068 1193 1146 dixisset,
1217 1087 1276 1148 per

346 1168 438 1229 quem
459 1148 543 1209 dona
569 1170 625 1211 sua
647 1152 681 1210 in
703 1169 816 1231 eorpus
838 1150 1039 1231 diffunderet,
1072 1158 1156 1212 reete
1177 1150 1274 1211 dixis-

346 1241 411 1313 set,
433 1231 488 1292 sed
509 1233 541 1292 in
562 1229 705 1309 nomine,
728 1252 856 1314 eorpus,
878 1236 1004 1294 nimium
1028 1234 1142 1295 dietum
1166 1242 1224 1295 est.

428 1315 572 1396 Sequitur
601 1317 681 1377 idem
704 1317 782 1377 Leo:
817 1316 906 1377 Hune
930 1318 1089 1394 (Petrum)
1122 1319 1209 1378 enim'
1240 1321 1272 1377 in
1344 1345 1347 1358 =

347 1402 536 1460 consortium
560 1400 737 1460 individuae
760 1401 885 1460 unitatis
907 1408 1115 1481 assumptum,
1137 1400 1168 1461 id
1188 1400 1273 1480 quod

346 1481 414 1561 ipse
426 1489 510 1561 erat,
532 1483 631 1543 voluit
645 1485 797 1543 nominari
812 1482 960 1544 dioendo:
982 1484 1029 1544 ‘ru
1051 1502 1086 1545 es
1100 1485 1228 1562 Petrus,
1241 1492 1275 1545 et
1376 1538 1379 1561 ,

347 1583 441 1645 super
463 1565 545 1625 hane
566 1574 684 1646 petram
707 1564 881 1627 aedifleabo
903 1558 1068 1627 eoelesisrir
1091 1586 1211 1645 meam,
1239 1575 1275 1627 ut
1378 1582 1379 1591 ¹

349 1649 466 1709 aeterni
488 1648 594 1728 templi
607 1648 782 1709 aedificatio
793 1649 922 1710 mirabili
937 1669 1064 1711 munere
1084 1650 1273 1731 gratiaeDei
1378 1712 1379 1727 ,

349 1732 381 1790 in
403 1730 485 1791 Petri
506 1730 662 1792 soliditate
685 1734 878 1793 sonsisteret.

428 1814 541 1875 lterum
563 1834 619 1896 per
640 1814 828 1876 soliditatem
846 1816 928 1876 Petri
949 1834 1012 1877 non
1035 1815 1128 1876 iidem
1152 1817 1273 1877 univor—
1378 1846 1379 1855 κ

346 1898 420 1959 selis
442 1899 593 1977 eclesiae,
626 1898 681 1959 sed
717 1906 905 1979 potestatem
925 1900 1086 1961 Romanae
1117 1898 1273 1961 eeclesiae

346 1980 514 2061 signifieat,
550 1991 582 2042 et
602 1982 729 2043 verbum
753 1982 880 2061 Christi,
910 1982 965 2042 sub
988 2000 1124 2063 persona
1142 1983 1271 2063 propriu

344 2064 436 2145 Petri,
459 2085 523 2125 non
545 2072 647 2126 autem
670 2066 832 2143 ecelesiae,
856 2066 969 2147 aoeipit
982 2065 1106 2145 dietum,
1128 2072 1165 2126 ut
1184 2066 1269 2126 olare
1378 2074 1379 2079 ’

345 2149 603 2227 exsequentibus
626 2156 726 2229 patet,
749 2149 800 2208 ubi
824 2148 914 2211 dioit:
936 2150 1050 2209 Verum
1075 2149 1155 2209 huno
1176 2148 1270 2209 firmi-
1378 2152 1379 2225 ᾗ

346 2236 442 2290 tatem
463 2231 544 2291 Petri
565 2233 653 2292 istius
676 2233 920 2312 sanctissimum,
953 2232 1022 2293 Deo
1048 2239 1099 2305 (ut
1121 2232 1270 2305 diximus)

349 2313 532 2375 aedificante
553 2322 771 2396 oonstruotarn,
793 2316 884 2375 nimis
897 2314 963 2376 vult
973 2317 1068 2398 impis
1089 2334 1272 2398 praesump-

349 2399 435 2458 tione
457 2398 593 2478 violare,
632 2402 768 2480 quisquis
791 2401 857 2460 eius
879 2407 1063 2480 potestatem
1097 2407 1198 2460 tentet
1227 2401 1273 2460 in·

351 2482 493 2563 dingere,
515 2483 648 2544 favendo
671 2485 734 2544 suis
758 2482 985 2564 cupiditatibus,
1008 2491 1039 2544 et
1060 2482 1092 2542 id
1115 2483 1200 2562 quod
1223 2496 1272 2544 ao·
1378 2537 1379 2544 ,

351 2568 433 2646 oepit
452 2584 472 2624 a
491 2565 648 2628 veteribus
670 2586 732 2628 non
756 2565 925 2646 sequendo.

431 2649 515 2710 Eoos
536 2669 570 2709 se
592 2651 692 2733 ipsum
716 2651 860 2730 exponit,
884 2649 1071 2711 soliditatem
1095 2650 1178 2710 Petri
1203 2669 1273 2710 esse

349 2738 536 2814 potestatem
557 2733 717 2794 Romanae
741 2733 902 2812 ecelesiae,
924 2733 1004 2794 idem
1027 2749 1083 2812 per
1105 2734 1272 2794 secretissi-

349 2836 431 2876 mam
453 2815 545 2877 iidem
569 2816 707 2897 spiritus,
742 2825 775 2877 et
796 2823 955 2877 externam
977 2816 1196 2877 iurisdictionis
1218 2833 1272 2896 po·
1378 2835 1379 2882 t

350 2905 492 2961 testatem
514 2900 706 2980 intelligens,
743 2919 806 2962 non
836 2901 903 2960 sine
926 2900 1009 2961 verbi
1033 2901 1207 2981 evangelist
1229 2902 1272 2959 in·
1378 2927 1379 2950 ÷

348 2984 435 3046 iuria.
479 2984 547 3044 Non
572 3001 647 3063 ergo
669 2983 813 3064 infringit*
823 2983 1011 3044 soliditatem
1023 2983 1115 3059 Petri,
1139 2985 1191 3063 qui
1216 2981 1271 3043 sub

350 3066 468 3148 legibus
491 3067 652 3128 Romanae
674 3066 827 3128 eudesius
848 3085 912 3128 non
934 3067 1025 3145 vivit,
1054 3065 1110 3127 sed
1133 3069 1185 3146 qui
1207 3083 1272 3126 nou

350 3151 383 3211 id
407 3149 515 3230 eredit,
538 3147 622 3230 quod
644 3150 752 3211 Petrus
774 3150 935 3211 oonlessus
958 3158 1013 3210 est.

432 3233 592 3294 Protestor
618 3242 721 3294 autem
755 3252 833 3314 ego,
870 3233 952 3313 quod
975 3233 1110 3293 Decreta
1145 3231 1270 3312 quidem
1378 3257 1379 3296 1

347 3314 521 3377 huiusmodi
540 3335 603 3378 non
626 3317 749 3380 damno.
793 3315 876 3376 Nihil
898 3318 980 3378 enim
995 3333 1084 3377 meae
1102 3315 1195 3378 saluti
1219 3315 1271 3376 ds·
1378 3325 1379 3340 ¹

350 3400 443 3480 perit,
471 3400 496 3460 ei
518 3401 618 3463 tolero
641 3401 768 3461 alienius
791 3399 959 3460 violentem
982 3399 1159 3480 scripturae
1180 3400 1271 3460 inter-

352 3484 570 3562 pretationem,
610 3484 705 3546 modo
737 3503 811 3544 vera
838 3490 870 3544 et
900 3483 1038 3564 legitima
1066 3482 1274 3563 intelligentis

348 3567 435 3626 iuxta
456 3568 543 3626 salva
563 3569 612 3631 sit.
656 3566 718 3628 Sed
739 3567 800 3628 hoo
821 3565 958 3644 adnitor,
982 3573 1099 3626 utrem
1123 3570 1156 3626 et
1177 3565 1270 3627 fldem

350 3657 489 3710 nostram
510 3651 665 3711 oonstnnti
692 3657 725 3711 et
755 3649 856 3711 solida
883 3649 1087 3730 intelligentia
1117 3647 1272 3710 diseamus
1378 3677 1379 3708 r

349 3731 482 3793 firmare.
525 3733 674 3808 Quamvis
697 3734 780 3794 enim
803 3732 956 3794 eiusmodi
984 3732 1150 3793 abusiones
1173 3731 1272 3812 Serip·
1378 3783 1379 3794 ,

312 3821 315 3826 ’
350 3822 437 3877 turae
461 3817 584 3876 valeant
601 3835 658 3897 pro
673 3814 720 3896 iis,
744 3818 795 3895 qui
810 3818 871 3876 ism
886 3815 1023 3893 eredunt,
1047 3822 1079 3875 et
1092 3815 1274 3876 tolerandos
1378 3821 1379 3874 ἶ

350 3901 420 3976 sint,
443 3906 551 3960 tamen
575 3907 698 3978 oportet
720 3902 822 3978 etiam,
846 3900 871 3958 si
895 3917 964 3960 oum
987 3899 1196 3960 eontentiosis·
1216 3899 1275 3960 ori·
1378 3947 1379 3960 ,

350 3988 419 4041 atur
440 3980 564 4060 bellum,
586 3980 700 4042 habere
708 3983 879 4062 simplicem
897 3989 929 4043 et
940 4000 1122 4063 germanum
1145 4001 1272 4044 sensum

352 4062 473 4142 Christi,
495 4065 547 4144 qni
568 4070 651 4124 stare
671 4065 702 4124 in
725 4066 901 4127 asieviotor
915 4067 1023 4147 possit,
1044 4083 1084 4128 ue
1106 4065 1272 4128 sedetiam
1378 4087 1379 4104 2
