3075 4775
330 533 394 600 412
617 536 650 589 11.
668 535 772 590 concio
790 533 825 590 b.
845 535 878 590 it.
897 535 976 590 nuth.
1035 553 1039 560 ¹

322 728 335 746 '
413 723 545 803 Quinto,
579 726 641 788 hoc
662 743 786 806 quoque
807 727 910 786 animo
931 731 985 786 tuo
1007 724 1180 806 insculpes,
1203 744 1255 784 ne-

332 827 391 888 que
413 809 586 887 dubitabis,
611 811 682 888 quin
705 818 736 870 tu
763 827 887 889 quoque
918 829 957 868 ex
978 808 1099 868 illorum
1130 810 1172 868 s'is
1200 829 1254 868 nu·

331 911 435 969 mero,
459 894 511 970 qui
533 892 684 954 Christum
708 895 751 952 ita
774 891 1009 966 excarnificant,
1031 897 1063 951 et
1085 893 1167 950 cruci
1190 890 1254 952 affi-

330 981 421 1056 gunt,
454 985 583 1055 peccata
613 978 694 1036 enim
727 983 779 1035 tua
802 977 1000 1035 coniecerunt
1033 993 1104 1034 eum
1126 975 1157 1034 in
1182 974 1255 1035 ilios

330 1060 490 1120 cruciatus.
525 1059 626 1137 Atque
648 1060 693 1118 sic
715 1078 838 1138 quoque
861 1057 891 1120 S.
914 1058 1022 1117 Petrus
1044 1056 1178 1122 Acto2.
1207 1057 1254 1118 Iu-

331 1141 426 1202 daeos
449 1160 504 1202 ceu
526 1144 640 1202 tonitru
662 1141 797 1221 quodam
821 1141 1039 1221 perterrefecit,
1062 1159 1130 1200 cum
1154 1142 1256 1220 inquit

330 1225 369 1285 ad
392 1245 511 1301 omnes,
534 1227 584 1304 qui
606 1225 749 1285 aderaut:
772 1225 837 1286 Vos
860 1243 929 1285 eum
953 1222 1156 1284 crucifixistis.
1178 1223 1254 1284 Tria

329 1310 423 1390 igitur
453 1308 532 1368 mitia
552 1309 712 1368 hominum
743 1327 783 1368 ea
806 1327 883 1368 voce
906 1307 1072 1383 conterriti,
1095 1305 1175 1380 Quid
1198 1306 1254 1387 igi-

330 1397 378 1452 tur
399 1391 555 1468 faciemus,
577 1391 706 1452 iratres?
733 1390 772 1452 ad
798 1391 959 1470 apostolos
982 1389 1135 1450 dicebant.
1166 1389 1253 1468 Ergo

331 1494 399 1535 cum
428 1475 533 1535 clavos
561 1473 673 1534 infixos
702 1473 841 1534 manibus
865 1473 976 1536 Christi
999 1474 1114 1551 cernis,
1149 1473 1254 1552 cogita

330 1558 400 1618 illos
422 1557 528 1617 clavos
551 1577 620 1617 esse
642 1565 694 1618 tua
716 1576 820 1639 opera,
843 1575 911 1616 cum
935 1575 1082 1616 coronam
1102 1556 1253 1634 spinemn,

331 1642 435 1721 cogita
472 1660 538 1700 eam
574 1659 643 1700 esse
665 1639 763 1701 malas
797 1647 828 1699 et
860 1642 970 1719 impias
1002 1646 1069 1699 tuas
1092 1640 1253 1718 cogitatio-

330 1741 385 1784 nes
407 1729 464 1786 etc.

414 1806 519 1884 Sexto,
541 1806 593 1867 ubi
613 1805 705 1886 igitur
722 1805 875 1866 Christum
898 1824 960 1865 uua
982 1805 1071 1884 spina
1091 1804 1188 1886 pungi
1210 1805 1254 1863 vi-

331 1888 403 1969 des,
438 1896 469 1950 tu
499 1890 602 1970 cogita
628 1896 661 1949 te
689 1891 848 1966 meritum,
889 1895 922 1947 ut
942 1887 1053 1946 millies
1076 1887 1199 1966 gravius
1223 1893 1256 1947 et

331 1975 453 2052 saepius
474 1974 663 2053 pungereris.
706 1971 765 2033 Ubi
788 1971 882 2031 clavis
904 1971 1060 2050 perfossas
1082 1987 1191 2029 manus
1217 1988 1255 2030 ac

330 2055 427 2136 pedes
449 2057 561 2132 cernis,
583 2057 687 2136 cogite
708 2061 739 2116 te
760 2054 855 2135 longe
877 2054 1010 2114 maiores
1023 2054 1165 2112 meritum
1188 2071 1254 2112 cru-

328 2139 435 2199 ciatus.
479 2139 519 2199 Et
540 2157 632 2215 sane,
666 2139 719 2217 qui
741 2137 854 2198 Christi
880 2138 1057 2216 passionem
1081 2134 1253 2217 negligunt,

256 2220 258 2222 ’
327 2222 372 2281 ilii
402 2241 509 2281 omnes
540 2220 612 2281 illos
640 2223 840 2301 gravissimos
870 2221 1021 2282 cruciatus
1043 2218 1255 2280 indesinenter

330 2305 492 2383 patientur.
516 2303 624 2382 Neque
647 2305 728 2363 enim
751 2304 812 2364 hoc
833 2301 1009 2382 exemplum
1032 2303 1097 2362 irae
1119 2301 1253 2382 divinae,

329 2388 360 2447 in
383 2385 504 2448 Christo
527 2388 728 2468 propositum,
751 2406 810 2449 nos
831 2387 925 2450 fallet.
948 2387 1011 2447 Ista
1033 2388 1137 2447 omnia
1159 2393 1254 2466 atque

327 2469 374 2530 his
397 2472 489 2531 etiam
511 2472 654 2551 graviora
674 2472 761 2551 impii
786 2472 990 2551 experientur.

410 2553 559 2634 Septimo,
581 2574 618 2615 ac
640 2554 731 2614 talem
755 2553 878 2633 quidem
900 2559 1047 2613 terrorem
1070 2550 1101 2613 S.
1122 2552 1251 2613 Bernar-

327 2636 384 2697 dus
407 2656 445 2697 ex
470 2637 582 2698 Christi
603 2639 750 2717 passione
772 2638 908 2717 accepit,
937 2642 970 2695 ut
992 2634 1123 2695 diceret:
1159 2635 1251 2695 Secu-

325 2740 377 2781 rus
398 2720 590 2798 incedebam,
613 2720 688 2781 nihii
710 2721 811 2781 sciens
835 2720 873 2779 de
886 2717 999 2779 iudicio
1014 2716 1251 2794 Deihorrendo,

327 2803 410 2884 quod
433 2810 541 2864 contra
563 2824 612 2864 me
633 2804 728 2865 latum
751 2811 817 2863 erat
837 2805 868 2863 iu
892 2802 991 2862 coelo.
1027 2800 1067 2861 Et
1088 2816 1162 2861 ecce
1185 2801 1252 2872 mit

327 2887 400 2946 titur
421 2888 546 2967 virginis
568 2886 664 2964 tilius,
695 2884 775 2946 iilius
798 2886 857 2946 Dei
885 2883 1042 2962 altissimi,
1078 2889 1110 2944 ct
1130 2884 1253 2945 iubetur

310 2969 437 3046 occidi,
461 2977 494 3029 ut
516 2970 691 3031 vulneribus
714 2971 801 3043 meis,
823 2970 960 3049 pretioso
974 2968 1131 3047 sanguinis
1153 2969 1251 3048 ipsius

326 3052 485 3130 balsamo,
515 3053 681 3116 medeatur.
726 3052 873 3133 Agnosce
894 3050 1005 3128 homo,
1029 3068 1121 3129 quam
1143 3052 1252 3131 gravia

327 3143 398 3196 sunt
429 3136 574 3214 vulnera,
608 3155 664 3216 pro
698 3134 808 3214 quibus
842 3152 971 3195 necesse
1003 3136 1051 3194 cst
1083 3134 1251 3195 Dominum

328 3218 481 3279 Christum
504 3219 664 3280 vulnerari.
707 3217 738 3279 Si
767 3238 831 3279 non
863 3224 968 3279 essent
994 3216 1073 3277 haec
1102 3215 1141 3276 ad
1171 3236 1252 3278 mor·

328 3305 388 3361 tem
411 3306 442 3362 et
463 3310 591 3364 mortem
614 3302 852 3381 sempiternam,
886 3318 1040 3380 nunquam
1062 3318 1119 3380 pro
1143 3319 1251 3361 eorum

327 3383 465 3447 remedio
485 3385 544 3445 Dei
567 3384 646 3445 iilius
668 3391 838 3445 moreretur
860 3389 917 3445 etc.
1249 3408 1251 3411 ·

412 3468 463 3528 Sic
482 3468 620 3529 Christus
642 3486 765 3548 quoque
787 3466 934 3529 monebat
952 3464 1165 3525 mulierculas:
1189 3463 1252 3525 No-

328 3550 383 3610 lite
404 3550 479 3612 flere
500 3571 592 3631 super
612 3570 678 3629 me,
714 3550 768 3611 sed
799 3568 969 3629 supervos
990 3549 1075 3628 ipsas
1097 3546 1187 3621 flete,
1222 3555 1254 3607 et

329 3652 421 3714 super
449 3632 529 3694 fiiios
563 3642 691 3697 vestros.
739 3634 781 3695 ut
808 3632 942 3694 addebat
969 3632 1135 3693 rationem:
1173 3629 1254 3704 Quia

329 3717 406 3776 siin
429 3715 554 3777 humido
577 3717 662 3799 ligno
684 3717 761 3777 haec
776 3717 901 3795 faciunt,
926 3716 958 3776 in
980 3712 1066 3776 arido
1080 3710 1152 3793 quid
1175 3712 1253 3773 fiet?

327 3798 399 3861 Luc.
423 3800 472 3863 23.
502 3818 531 3878 q·
551 3799 579 3859 d.
611 3798 727 3860 Discite
750 3819 789 3859 ex
810 3800 870 3859 hac
891 3818 961 3859 mea
983 3798 1144 3878 passione,
1172 3814 1252 3875 quos

328 3883 479 3941 cruciatus
502 3901 558 3943 vos
580 3882 645 3940 sitis
669 3883 783 3957 meriti,
817 3887 949 3961 atquae
977 3900 1033 3941 vos
1057 3886 1197 3955 maneat,
1220 3882 1252 3941 ni

327 3963 536 4043 credideritis,
564 3982 675 4043 poena.
715 3965 812 4025 Plane
833 3966 915 4025 enim
942 3964 992 4024 hic
1014 3962 1154 4024 videmus
1175 3963 1252 4043 fieri,

328 4053 364 4107 ut
384 4047 530 4110 caedatur
551 4045 669 4108 catulus
690 4048 723 4107 in
745 4054 892 4110 terrorem
914 4047 1010 4109 vetuli
1033 4046 1128 4109 canis.
1157 4074 1160 4081 ⁴
