3075 4775
333 532 397 599 360
565 532 659 599 llesol.
681 534 706 587 L.
727 550 812 605 super
831 534 1025 603 Propositlons

333 744 417 800 nam,
442 730 528 845 toilite
549 725 630 784 inter
652 722 816 804 pontifices
841 730 872 783 et
892 742 983 805 reges
999 722 1174 785 differentia
1188 744 1264 805 cog-

335 810 472 871 noscitur
518 855 524 867 .

419 890 445 950 A
470 804 531 970 qdo
553 890 773 970 cognoscitur?
795 910 814 949 c
836 890 941 970 glossa
963 890 1022 949 hoc
1044 898 1128 950 textu
1145 890 1264 970 dignis-

335 975 435 1053 sinn}
457 992 537 1053 quae
559 973 646 1035 dicit.
668 972 784 1052 Papam
808 972 1025 1053 quadragesies
1054 975 1168 1053 septies
1191 993 1264 1033 esse

337 1056 485 1119 maiorem
508 1075 592 1137 rege.
637 1055 725 1115 Adeo
756 1057 832 1116 certi
863 1055 920 1116 sibi
948 1064 1019 1117 sunt
1047 1056 1086 1116 de
1115 1076 1264 1116 mensura

336 1141 495 1219 utriusque
517 1138 752 1219 magnitudinis,
776 1144 805 1199 et
829 1139 904 1199 solis
926 1147 957 1199 et
984 1139 1147 1219 pontilicis.
1192 1138 1263 1199 Nisi

335 1222 419 1303 quod
459 1223 508 1282 hic
541 1242 654 1301 magna
691 1224 830 1300 quaestio
873 1223 981 1281 oritur:
1026 1221 1192 1297 Quomodo
1230 1225 1262 1281 in

335 1307 430 1365 veteri
475 1304 545 1385 lege
590 1324 680 1384 reges
717 1313 805 1363 erunt
851 1325 943 1385 super
988 1304 1167 1384 pontifices,
1200 1306 1263 1364 nisi

334 1395 408 1449 tunc
447 1406 510 1448 non
548 1388 643 1447 fuisse
679 1387 862 1463 ecclesiam,
910 1388 939 1446 id
981 1396 1038 1461 est,
1082 1387 1262 1447 firmamen-

334 1481 397 1531 tum
429 1470 526 1549 coeli,
549 1469 735 1529 credendum
771 1472 826 1549 sit,
866 1471 990 1549 quando
1025 1490 1084 1530 una
1122 1471 1263 1533 ecelesia

336 1555 392 1613 Dei
426 1560 489 1628 est,
525 1552 564 1613 ab
587 1554 705 1633 origine
742 1554 844 1613 mundi
878 1553 1033 1613 adfinem
1057 1572 1163 1632 usque.
1196 1553 1259 1614 Sed

335 1644 419 1715 sato,
449 1635 610 1696 ecclesiam
635 1635 838 1696 Christianam
860 1636 1022 1716 intelligat,
1058 1636 1128 1715 quid
1152 1636 1260 1696 dicet?

335 1720 403 1799 quis
431 1720 577 1778 certiores
599 1737 656 1777 nos
683 1718 791 1797 faciei,
828 1720 874 1779 sol
904 1739 1017 1779 novum
1051 1740 1088 1780 an
1119 1726 1259 1779 veterem
1292 1718 1300 1733 “

335 1801 527 1862 sacerdotem
556 1800 730 1881 significet?
790 1801 946 1879 Siquidem
982 1802 1132 1882 allegoria
1165 1802 1261 1863 dubia

335 1892 392 1963 est,
414 1893 446 1945 et
466 1883 540 1944 nihil
562 1884 689 1964 probat,
717 1886 780 1944 imo
804 1904 864 1963 qua
893 1888 1013 1946 ratione
1043 1895 1261 1966 compescetur·

336 1971 518 2049 imperator,
553 1970 578 2027 si
611 1986 695 2027 suam
720 1974 905 2047 potestatem
930 1967 1012 2029 dicat
1042 1968 1171 2047 intelligi
1201 1988 1260 2048 per

335 2052 433 2111 solem
467 2052 564 2110 maius
591 2051 711 2126 lumen,
745 2058 778 2109 ut
800 2052 847 2109 cui
881 2051 1019 2112 subiecta
1052 2070 1106 2130 per
1127 2050 1212 2111 Pauli
1224 2050 1257 2126 ²)

336 2134 462 2194 verbum
485 2134 524 2192 sit
546 2135 646 2192 omnis
670 2135 783 2212 anima,
806 2134 1031 2213 quantumlibet
1047 2133 1237 2213 spiritualis?

418 2215 519 2290 Quid?
541 2214 623 2293 quod
645 2216 705 2275 hac
726 2218 847 2277 ratione
877 2219 1030 2296 sequitur,
1051 2216 1173 2293 lulium,
1196 2216 1260 2275 Au—

334 2304 473 2379 gustum,
506 2305 536 2358 et
557 2298 635 2357 alios
659 2299 792 2378 gentiles
815 2301 1017 2379 imperatores
1039 2300 1131 2359 fuisse
1155 2301 1183 2357 in
1210 2319 1258 2359 ec-

335 2381 446 2460 clesia,
475 2383 546 2461 quia
569 2381 689 2442 fuerunt
712 2383 812 2443 minus
842 2382 942 2442 lumen
967 2383 1126 2460 eeclesiae,
1150 2404 1167 2442 a
1189 2382 1259 2442 Deo

334 2465 470 2525 lactum?
512 2464 552 2524 Et
574 2465 655 2544 quod
679 2466 815 2526 festivius
840 2472 901 2545 est⁷
930 2466 1024 2526 Iulius
1047 2473 1078 2526 et
1099 2465 1258 2546 Augustus

334 2556 422 2608 crant
443 2549 542 2607 minus
565 2548 687 2626 lumen,
711 2561 875 2628 antequam
905 2548 992 2608 lieret
1022 2548 1258 2626 firmamentum,

333 2631 363 2691 id
387 2636 443 2710 est,
466 2631 608 2707 ecclesia,
630 2633 691 2692 imo
711 2639 875 2710 antequam
900 2631 1036 2692 Christus
1071 2643 1258 2708 nasceretur,

334 2722 427 2794 caput
449 2722 480 2773 et
501 2721 590 2774 autor
610 2714 698 2773 huius
721 2713 922 2791 firmamenti,
945 2714 999 2774 sed
1023 2724 1050 2774 et
1073 2715 1256 2775 universalis

333 2797 466 2857 ecclesis
487 2796 538 2856 diu
559 2797 614 2856 tuit
637 2798 702 2856 sine
725 2799 784 2857 isto
808 2799 914 2858 maiori
929 2797 1080 2874 luminari,
1103 2809 1134 2857 et
1151 2798 1258 2857 etiam-

334 2900 405 2939 num
429 2886 476 2939 est
496 2881 527 2939 in
550 2878 681 2939 Graecia
704 2888 733 2938 et
757 2878 860 2958 lndia3
882 2880 924 2940 illi
947 2880 1024 2940 forte
1043 2879 1142 2940 adhuc
1165 2882 1194 2939 in
1217 2888 1259 2940 te-

334 2962 435 3023 nebris
459 2969 544 3040 sunt,
567 2962 639 3021 licet
661 2961 690 3021 in
716 2961 908 3024 firmamento
934 2963 1012 3023 coeli
1036 2965 1104 3022 sint.

415 3043 589 3105 Dolendum
612 3063 686 3104 sane
717 3047 783 3105 istis
812 3046 934 3105 ludicris
963 3055 995 3106 et
1021 3047 1128 3126 ungis,
1163 3046 1259 3104 verba

334 3127 391 3187 Dei
413 3129 443 3186 in
467 3148 515 3187 res
548 3131 598 3199 (ut
620 3126 747 3210 putant)
773 3135 833 3188 lam
862 3130 956 3188 serias
986 3128 1185 3189 stabiliendos
1208 3127 1258 3187 de-

334 3211 474 3272 formare
529 3210 696 3270 Facesssnt
734 3211 855 3288 larvae,
891 3211 1006 3292 figura.
1025 3212 1097 3271 nihil
1139 3211 1258 3290 probat.

338 3292 474 3365 Deinde,
497 3293 644 3373 allegoria
668 3293 776 3354 horum
804 3294 964 3355 verborum
999 3302 1045 3353 est
1067 3295 1160 3356 haec:
1206 3293 1260 3354 Sol

335 3382 382 3434 est
405 3375 560 3454 Christus,
583 3377 654 3436 luna
684 3377 831 3450 ecclesia,
866 3378 944 3438 cosli
975 3377 1117 3457 apostoli,
1148 3377 1260 3436 stellae

338 3457 452 3518 Sancti.
497 3458 637 3519 Potestas
659 3460 853 3538 imperatoris
883 3460 956 3520 nihil
987 3461 1118 3540 pertinet
1140 3459 1178 3519 ad
1209 3479 1256 3518 ec-

335 3540 472 3617 clesiam,
494 3560 554 3618 non
579 3543 676 3622 magis
700 3561 791 3621 quam
816 3561 1016 3622 quascunque
1038 3563 1087 3602 res
1111 3542 1228 3602 muudi.

415 3622 511 3684 Nobis
534 3631 635 3685 autem
658 3627 842 3685 commissae
869 3633 939 3686 sunt
969 3645 1043 3685 oves
1067 3624 1199 3704 Christi,
1229 3627 1259 3684 in

335 3705 369 3764 B.
392 3705 497 3782 Petro,
523 3706 645 3766 dicente
667 3708 816 3769 Domino:
853 3709 948 3769 Pasce
972 3728 1046 3769 oves
1068 3727 1171 3787 meas,
1197 3727 1259 3770 non

332 3875 488 3881 -.-....---
512 3875 554 3882 -x---
565 3875 751 3884 ,-------

394 3974 422 4031 l)
451 3972 480 4020 ln
509 3971 541 4020 ed
562 3971 621 4021 an.
654 3981 681 4022 et
706 3975 794 4025 wilt:
817 3977 987 4041 agnoscitur.
1025 3975 1053 4028 21
1074 3974 1103 4026 ln
1126 3975 1168 4028 cd.
1189 3977 1260 4044 orig.

335 4044 362 4089 et
380 4041 521 4092 Wittenb.:
540 4040 621 4093 Petri.
