3075 4775
349 543 412 611 362
599 546 694 603 aanor.
713 546 741 601 h
758 560 844 615 snper
863 546 1056 616 Propositionc

348 734 488 814 quemvis
510 732 702 795 sacerdotem
726 752 952 815 recognoscere
974 736 1131 813 pastorem
1156 740 1187 795 et
1208 754 1272 796 ma

348 819 492 897 gistrum,
527 817 630 878 ubiubi
656 817 755 877 suerit.
799 816 857 877 Hic
885 818 965 877 enim
993 818 1091 897 pascit
1121 825 1153 878 et
1182 820 1271 899 regit,

348 901 392 961 illi
423 920 496 961 vero
528 908 632 981 pastas
659 900 759 960 solum
789 898 918 960 tondent
948 906 978 959 et
1013 906 1158 962 mactant.
1208 901 1270 963 Sed

347 985 421 1044 satis
449 984 541 1059 haec,
576 1003 615 1043 ne
645 983 751 1043 videar
785 981 886 1043 studIo
914 982 1160 1062 reprehendendi
1191 984 1271 1044 haec

347 1068 463 1144 moliri,
491 1086 560 1127 cum
582 1065 665 1125 aliud
686 1086 749 1125 non
773 1084 936 1144 quaeram,
969 1085 1061 1144 quarn
1089 1075 1122 1126 ut
1148 1067 1269 1128 illisos

347 1152 514 1229 obstruam,
536 1151 589 1229 qui
609 1149 699 1211 nobis
721 1149 944 1228 scripturarum
967 1149 1158 1211 intellectum
1181 1151 1269 1211 liber-

346 1236 454 1294 rimum
483 1252 503 1293 a
524 1230 648 1294 Christo
681 1231 785 1292 datum
820 1233 977 1311 captivare
1004 1232 1119 1293 audent
1147 1236 1179 1293 in
1203 1252 1271 1303 sen-

346 1337 413 1377 sum
442 1323 473 1377 et
498 1316 625 1377 verbum
652 1314 811 1376 hominum
835 1314 1031 1395 pontificum,
1066 1317 1209 1377 volentes
1231 1317 1269 1377 de

346 1399 447 1461 verbis
484 1401 540 1459 Dei
572 1397 707 1459 iudicare
739 1398 907 1459 secundum
941 1398 1068 1458 verbnm
1096 1399 1269 1478 hominum,

346 1502 415 1543 cum
442 1490 550 1543 contra
578 1480 672 1542 verba
699 1482 858 1542 hominum
885 1480 1051 1543 iudicanda
1079 1483 1140 1542 sint
1162 1503 1268 1544 secun·

346 1566 418 1626 dnm
440 1566 566 1626 verbum
588 1565 655 1642 Del,
678 1565 761 1644 quod
785 1564 900 1625 iudicat
923 1565 1036 1625 omnIa.

582 1744 645 1825 'Ad
669 1768 801 1845 tertium,
824 1766 861 1825 ad
884 1768 1030 1826 rationes.
1049 1728 1050 1733 η

427 1932 484 1993 Ubi
514 1932 588 1991 illud
619 1934 748 2013 primum
773 1931 981 2009 tractandum,
1020 1930 1102 2011 quod
1126 1932 1268 2012 Decreta,

345 2016 455 2093 quibus
482 2018 628 2095 primatus
651 2016 803 2076 ecclesiae
824 2016 986 2076 Romanae
1010 2014 1134 2093 probari
1168 2035 1188 2075 a
1221 2038 1269 2077 me

344 2098 463 2177 dicitur,
487 2097 551 2158 dixi
571 2101 651 2159 intra
662 2099 903 2179 quadringentos
928 2116 1026 2158 annos
1049 2102 1132 2175 nata,
1151 2106 1182 2158 et
1196 2119 1267 2161 con-

344 2187 391 2239 tra
412 2181 473 2240 hoc
502 2200 571 2241 esse
591 2183 735 2242 historias
757 2180 842 2241 mille
865 2189 896 2241 ct
917 2187 1038 2241 centum
1062 2200 1225 2244 annorum.

426 2263 527 2322 Primo
561 2264 695 2325 sciebam
730 2267 809 2325 haec
831 2264 1001 2342 offensura,
1032 2271 1062 2323 et
1084 2265 1267 2326 manifestis-

344 2346 421 2406 sime
454 2347 589 2407 omnium
621 2349 700 2409 falsa
732 2349 829 2409 videri
858 2348 1008 2409 omnibns.
1064 2346 1188 2408 Certum
1223 2356 1269 2410 est

345 2431 443 2507 enim,
479 2450 547 2490 esse
570 2432 708 2492 Decretis
738 2433 948 2493 Romanorum
982 2429 1164 2510 pontificum
1196 2440 1267 2493 ante

344 2511 428 2573 mille
450 2533 550 2574 annos
573 2521 722 2576 certatum
744 2535 800 2595 pro
825 2516 885 2574 hoc
906 2515 1047 2594 primatu.

427 2595 495 2677 Ego
519 2604 620 2657 autem
644 2600 704 2659 hoc
726 2601 879 2679 spectavi,
902 2597 984 2677 quod
1006 2597 1148 2657 Romana
1170 2600 1267 2659 eccle-

345 2679 390 2739 sia
410 2699 565 2760 nunquam
587 2683 659 2758 fult,
683 2701 741 2741 neo
764 2687 825 2758 est,
860 2701 917 2740 nac
940 2681 997 2740 erit
1018 2699 1152 2758 unquam
1176 2701 1269 2762 super

303 2804 309 2819 .
345 2781 453 2822 omnes
477 2765 569 2824 totius
599 2765 680 2825 orbis
703 2765 868 2842 ecclesias,
901 2764 974 2824 licet
1001 2782 1094 2842 super
1120 2764 1268 2842 plurimas

344 2846 392 2910 sit.
422 2846 487 2906 Nec
509 2849 590 2906 enim
613 2847 670 2908 luit
691 2867 824 2927 unquam
845 2866 936 2928 super
949 2845 1108 2923 Graeciae,
1131 2846 1267 2924 Aliicae,

343 2928 438 2989 Asiae
460 2930 623 3009 coelestes,
662 2950 721 2991 nec
743 2950 850 2991 eorum
874 2931 1039 3010 episcopos
1063 2928 1268 3010 confirmavit,

344 3013 423 3072 slent
447 3013 540 3072 modo
564 3020 687 3074 nostros
710 3013 887 3091 confirmat,
922 3019 955 3072 ut
977 3013 1051 3071 satis
1073 3011 1209 3092 probant
1225 3015 1267 3074 hi-

345 3097 468 3156 storiae.
511 3096 631 3157 Deinde
659 3103 730 3156 sunt
758 3099 824 3158 sine
847 3095 939 3156 dubio
962 3093 1124 3155 Christiani
1149 3097 1181 3155 in
1205 3097 1269 3158 Ori-

344 3186 430 3255 ente,
454 3198 522 3239 cum
545 3179 655 3239 Christi
677 3199 806 3260 regnum
829 3182 869 3240 sit
891 3177 972 3240 orbis
996 3186 1159 3258 terrarum,
1183 3181 1270 3240 iuxta

345 3260 423 3324 Psal.
447 3263 480 3341 2,
505 3268 660 3323 ettamen
683 3265 822 3343 episcopi
845 3281 952 3322 eorum
974 3279 1036 3320 non
1059 3263 1268 3344 instituuntur,

344 3362 407 3403 non
430 3345 651 3407 confirmantur
673 3366 691 3406 e
711 3347 821 3425 Roma,
842 3364 901 3406 nec
923 3350 969 3405 est
990 3347 1208 3406 necessarium.

428 3428 546 3490 Deinde
574 3429 612 3489 ab
635 3429 696 3490 hoc
718 3435 858 3509 tempore
881 3433 1050 3507 coeperunt
1072 3429 1268 3509 multipIIcari

344 3507 430 3588 leges
453 3517 483 3570 et
504 3514 580 3572 iura.
617 3513 697 3572 Nam
721 3512 889 3592 Gregorius
912 3511 963 3588 III,
987 3509 1163 3586 Bonifacius
1188 3514 1268 3593 VIII,

345 3590 488 3656 Clemens
511 3595 546 3655 V.
586 3597 644 3654 nisi
667 3598 952 3670 consarcinassent,
985 3599 1015 3652 et
1042 3593 1117 3653 alias
1141 3597 1268 3673 recisas,

344 3673 420 3734 allas
451 3675 570 3736 additas
608 3679 756 3758 epistolas
787 3679 900 3740 scholis
923 3673 1071 3756 legendas
1095 3696 1132 3736 ac
1155 3678 1268 3740 docen-

345 3756 399 3817 das
423 3758 633 3836 tradIdIssent,
666 3764 733 3821 sine
767 3762 860 3822 dubio
892 3767 938 3820 tot
964 3759 1061 3818 maria
1083 3759 1268 3840 glossarum,

345 3847 376 3899 et
396 3841 637 3902 infelicissimum
671 3846 744 3903 iuris
774 3845 906 3904 studium
937 3861 999 3902 non
1022 3849 1136 3906 essent.
1183 3846 1267 3906 Deli-

345 3925 477 3984 tuissent
498 3930 599 3982 autem
622 3934 683 3986 tarn
695 3927 836 4004 Decreta,
859 3945 950 4006 quam
961 3926 1140 3986 Decretales
1155 3947 1267 4010 magno

345 4006 496 4066 ecclesiae
519 4005 614 4080 lucro,
638 4015 668 4067 et
690 4010 851 4090 Evangelii
874 4009 1055 4086 commodo„
1077 4009 1160 4070 intra
1180 4031 1268 4073 arcas

344 4085 475 4148 Romani
498 4089 672 4169 pontificis,
705 4111 788 4152 nunc
814 4097 1018 4172 actamquae
1041 4091 1080 4152 sit
1101 4093 1197 4162 facies
1221 4115 1268 4157 eo-
