3075 4775
400 566 445 621 ΙΙΙ.
473 567 575 621 Conoio
595 565 630 621 ds
649 565 723 621 sons.
742 571 771 621 et
787 565 912 622 Sumam.
930 568 1009 623 euch.
1117 565 1179 630 419

259 754 291 817 S.
314 755 421 815 Petrus
442 755 475 815 in·
503 757 565 816 suis
586 755 711 836 seriptis
734 772 802 816 earn
832 754 960 816 subinde
982 761 1124 836 repetent
1144 772 1180 816 no

258 837 401 898 dooennt.
451 838 517 899 Nos
551 838 614 898 iroo
644 844 742 899 totum
772 839 802 898 in
836 843 994 900 externam
1026 837 1180 920 quondum

258 922 394 1002 speeiem
417 923 600 982 mutavimus
620 927 653 981 et
674 923 812 982 contenti
834 939 950 1002 sumus,
973 923 998 982 si
1018 917 1178 982 historiam

258 1005 413 1084 pensionis
433 1005 464 1064 in
487 1004 654 1085 partetibus
677 1003 831 1086 depictum
852 1006 1034 1067 intussmur.

674 1087 768 1149 Finis.

257 1285 307 1348 111.
343 1285 493 1348 Conoio
516 1283 563 1347 de
584 1287 845 1353 confessione
867 1295 903 1349 et
925 1259 1178 1352 Ssornmento

577 1369 857 1435 eucharistiae.
961 1439 963 1446 Α
1008 1421 1010 1428 .

340 1503 469 1583 Saepius
491 1524 511 1564 s
532 1505 719 1567 mediatum
742 1514 807 1584 est,
843 1526 905 1568 non
932 1526 1027 1588 posse
1048 1525 1106 1566 neo
1128 1505 1179 1567 de
1249 1577 1251 1582 ¹

257 1586 331 1648 bero
352 1585 544 1647 Christianos
565 1586 604 1648 sd
627 1595 852 1650 sacramentnm
875 1591 992 1671 niteris,
1013 1598 1098 1650 nerto
1120 1589 1181 1650 hoo

256 1669 414 1730 Pssohutis
436 1677 575 1750 tempore
597 1673 677 1752 oogi,
700 1671 756 1734 sed
774 1673 901 1733 liberum
924 1674 1178 1754 esseuniouique.

256 1751 380 1833 quondo
403 1759 433 1813 et
455 1755 575 1832 quoties
597 1756 673 1816 velit
686 1756 748 1817 hoo
769 1765 963 1818 sacramento
984 1759 1035 1822 uti.
1078 1759 1180 1836 Atque

256 1835 296 1896 ed
330 1852 398 1897 eom
431 1853 495 1896 rem
528 1838 657 1898 ministri
685 1840 716 1898 in
747 1838 880 1900 eoolssio
913 1840 1069 1901 constituti
1093 1843 1180 1918 sunt,

256 1920 307 1998 qui
339 1927 402 1979 tom
435 1919 533 1980 sorbo>
565 1927 627 1980 tum
658 1924 859 1984 seor-amentis
891 1921 1007 2004 populo
1044 1921 1180 2001 quotidie

255 2009 445 2083 praeessent.

338 2085 445 2166 Longe
467 2086 562 2166 igitur
580 2085 625 2146 iili
649 2096 751 2149 errent
773 2095 804 2149 et
824 2093 1091 2170 peoountquoque
1113 2107 1178 2168 grn-

255 2169 347 2245 viter‚
383 2169 435 2247 qui
458 2175 574 2249 coguut
605 2169 748 2232 homines
772 2171 828 2233 sub
853 2177 983 2252 pennoto
1007 2171 1128 2231 mortali
1148 2169 1178 2229 in

256 2251 416 2313 Pssohetis
436 2252 516 2312 testo
548 2260 742 2314 sacramento
765 2256 822 2331 uti,
858 2254 887 2315 id
917 2253 998 2334 quod
1031 2253 1180 2321 haetenus

255 2333 322 2396 fieri
344 2334 467 2397 solitum
481 2341 537 2413 est,
560 2341 590 2396 et
612 2335 712 2399 sdhuo
734 2337 836 2400 multis
859 2338 891 2399 in
914 2336 1068 2400 iooisiiori
1091 2337 1179 2399 solet.
1296 2375 1300 2384 ·

255 2418 364 2499 Neque
397 2420 478 2480 enim
506 2420 596 2479 huius
619 2423 806 2482 snnmmenti
835 2428 944 2482 nature
964 2422 1043 2481 ferre
1067 2428 1179 2501 potest,

256 2509 290 2562 ut
311 2503 472 2582 quisquam
507 2509 633 2563 ooootus
660 2523 699 2565 eo
728 2511 837 2565 utatur.
881 2504 1025 2563 Animam
1056 2504 1179 2564 sitibun·

257 2584 327 2645 dum
349 2586 484 2665 requirit,
506 2604 585 2665 quoe
606 2589 675 2667 ipss
696 2604 765 2647 sese
782 2586 875 2745 cogit,
898 2594 929 2647 et
950 2586 1074 2668 gaudet,
1097 2585 1179 2667 quod

256 2669 356 2748 possit
389 2669 450 2729 hoo
481 2677 675 2731 sacramento
702 2670 769 2732 frui.
845 2671 872 2730 ni
901 2670 939 2729 ab
977 2670 1046 2729 aliis
1080 2670 1179 2729 oosuti

257 2753 319 2811 hoo
340 2760 564 2812 suornmentum
587 2755 756 2835 occipiunt,
793 2772 861 2813 oum
890 2752 975 2813 nullo
1004 2772 1059 2811 suo
1081 2752 1180 2811 fruotn

258 2834 289 2894 id
311 2833 437 2895 iuniunt.
920 2846 921 2853 ’

221 2918 228 2927 ’
276 2935 282 2948 ’
339 2916 434 2978 Vides
466 2918 559 2998 igitur
586 2918 781 2980 exsomnes
810 2918 939 2979 consitio
970 2918 1083 3019 Papam
1116 2935 1180 2995 prn-

258 3002 310 3062 nin
339 3002 456 3082 egisse,
487 3002 582 3061 Satan
605 3002 685 3062 enim
709 3003 776 3062 sine
799 3001 892 3063 dubio
914 3002 1034 3083 impulit
1055 3000 1179 3081 Papum,

257 3092 290 3145 ut
313 3091 438 3165 cogeret
459 3084 525 3144 sine
548 3083 723 3145 discrimine
745 3104 852 3146 ornnes
876 3084 915 3145 ad
936 3085 1181 3145 bunensi-smen-

257 3174 332 3230 tum.
375 3167 424 3226 Ex
439 3182 499 3245 qua
521 3186 553 3228 re
575 3167 635 3227 hoo
652 3176 789 3229 secutum
812 3176 859 3228 est
872 3167 1118 3245 incommodum,
1149 3173 1181 3226 ut

257 3258 289 3311 et
308 3253 513 3311 irreverenter
536 3270 576 3310 uo
600 3250 729 3332 indigne
762 3258 889 3333 propter
909 3250 1012 3331 Pspne
1036 3268 1180 3331 proecep-

257 3341 321 3394 tnm
344 3340 526 3394 tracteretur
547 3341 788 3412 sacromentum,
819 3340 850 3395 et
879 3332 1008 3395 mundus
1040 3334 1180 3393 maximis

257 3436 291 3478 ss
324 3424 471 3479 oneraret
503 3419 649 3496 pennatis.
699 3417 809 3497 Neque
849 3419 929 3477 enirn
967 3416 1055 3476 aliter
1089 3422 1181 3496 atque
1295 3454 1297 3456 -

257 3500 355 3581 porei,
376 3500 473 3559 illotis
498 3500 599 3580 (qnod
620 3498 725 3582 siunt)
749 3498 890 3560 menibus
913 3518 950 3559 eo
966 3498 1105 3579 pedibus,
1128 3500 1180 3560 ho·
1257 3538 1260 3543 ·

258 3585 357 3644 mines
387 3582 426 3642 sd
460 3588 684 3645 sacramentum
716 3584 777 3643 hoo
807 3582 1018 3663 accipiendum
1042 3582 1180 3645 ruebant.

258 3666 328 3727 Non
354 3682 428 3746 ergo
452 3667 587 3727 sinemus
610 3684 668 3728 nos
685 3664 789 3745 ulique
810 3664 879 3744 lege
901 3664 939 3724 od
956 3676 1180 3727 sacramentnm

258 3750 347 3830 oogi,
382 3747 449 3809 sed*
468 3749 554 3809 iilam
577 3748 766 3827 libertatem,
801 3766 889 3833 quam
922 3747 1011 3809 nobis
1041 3748 1180 3809 Christus

258 3832 398 3908 eontulit,
422 3832 631 3894 retinebimus.

342 3914 419 3975 Dino
443 3924 544 3975 sutem
568 3916 629 3976 hoo
649 3922 776 3997 propter
797 3914 882 3993 ilios,
912 3915 962 3995 qui
986 3912 1097 3975 nolunt
1118 3912 1178 3973 ulio

258 4007 401 4079 tempore
422 4006 650 4059 sacromentum
672 4000 830 4081 sonipere,
861 3998 1016 4058 oornmuni
1044 3998 1179 4056 omnium

259 4080 484 4143 consuetudine
505 4081 631 4163 induoti,
654 4101 745 4161 quum
768 4081 829 4142 hoo
850 4078 1015 4226 Pusohggis¹¹
1029 4087 1179 4180 ternpore.
