3075 4775
309 525 374 596 428
556 527 604 586 ιιι.
639 529 747 587 ssoede
763 529 804 588 ds·
815 531 992 588 ωιιιιιιοιιο

312 726 360 780 sel
385 717 656 800 apprehendenda
699 720 795 782 Vides
821 721 918 796 enim,
955 739 1046 800 quam
1078 720 1174 798 impia
1205 723 1237 778 et

311 801 444 864 absurda
466 803 559 883 plane
580 802 749 890 confitendi
782 805 859 866 relic
881 814 954 866 ante
975 804 1036 864 boc
1058 803 1235 885 tempusin

311 893 426 965 papatu
446 885 552 960 luerit,
581 878 757 984 priusqqaur
779 889 860 948 enim
883 886 1117 950 absolverentur
1137 877 1235 946 homi-

309 989 381 1046 nes,
403 970 499 1032 multa
519 977 552 1030 θι
570 972 657 1033 raris
676 971 722 1030 eis
744 981 816 1030 sunt
836 971 972 1034 iniuncta
994 989 1099 1050 opera,
1122 969 1234 1048 quibus

309 1070 365 1132 pro
401 1053 537 1132 peccatis
573 1053 786 1114 satisfacerent
818 1072 949 1132 eamque
986 1073 1050 1116 rem
1082 1059 1236 1116 vocarunt

310 1134 552 1212 absolutionem,
584 1155 653 1198 curn
681 1139 795 1198 tectim
824 1135 963 1217 alligatio
992 1137 1096 1198 vocari
1124 1146 1233 1214 queat:

309 1239 380 1281 uam
403 1239 474 1280 oum
495 1218 642 1280 tollantur
661 1228 793 1300 peccata
816 1239 872 1300 per
895 1219 1132 1294 absolutionem,
1155 1220 1181 1280 si
1204 1219 1234 1278 el

309 1302 435 1370 medes,
456 1302 529 1381 quid
552 1304 661 1364 attinet
682 1322 790 1383 opera,
812 1302 922 1383 quibus
944 1323 999 1383 pro
1022 1303 1161 1382 peccatis
1185 1321 1233 1362 sa·

309 1386 459 1464 tisiaciss,
482 1385 618 1446 addere?
649 1393 681 1448 et
702 1406 815 1467 cogere
837 1387 1021 1448 hominess
1043 1385 1103 1446 lide
1126 1393 1157 1444 et
1178 1384 1232 1446 ab·

308 1469 463 1530 solutione
484 1469 524 1530 ad
546 1470 672 1566 propria
692 1470 808 1566 opera?

391 1550 468 1627 Quis
502 1552 606 1631 potius
634 1554 679 1612 sic
712 1554 842 1632 cogitari
870 1553 1037 1642 oportuit:
1059 1551 1141 1612 Ecce
1169 1551 1233 1612 hoo

308 1635 451 1712 verbnm,
489 1634 573 1714 quod
608 1655 628 1694 e
656 1654 706 1696 me
732 1635 820 1697 audis
843 1635 947 1698 divino
970 1620 1133 1710 maiduno,
1169 1633 1232 1694 lide

308 1717 362 1780 tibi
390 1726 438 1779 est
463 1718 768 1817 apprehendendum.
810 1718 843 1780 Si
866 1737 940 1799 ergo
963 1716 1089 1780 credere
1111 1719 1138 1778 ei
1166 1735 1232 1778 non

308 1806 414 1881 potes,
443 1802 551 1863 omitte
572 1801 800 1864 confessionem
822 1809 915 1862 tuam.
959 1801 1028 1862 Non
1056 1807 1105 1862 est
1126 1807 1230 1860 autern

308 1883 370 1946 boc
391 1886 436 1946 ita
455 1885 680 1964 accipiendum,
702 1885 786 1964 quod
801 1885 898 1946 nolim
921 1883 1062 1946 confiteri
1083 1903 1140 1944 sua
1159 1903 1232 1963 pec·

308 1974 378 2030 cata
412 1987 483 2043 ecs,
522 1975 575 2030 ant
614 1969 860 2030 consolationem
899 1976 931 2030 et
962 1967 1231 2030 confirmationem

308 2052 402 2112 animi
422 2058 545 2131 petere,
583 2070 713 2131 quorum
744 2050 895 2114 infirmior
916 2059 963 2114 est
984 2049 1070 2114 fides
1117 2049 1181 2110 lmo
1205 2049 1232 2108 si

308 2135 405 2195 sontis
425 2134 667 2196 imbecillitatem
689 2141 790 2212 tuam,
818 2134 900 2213 quod
923 2133 1050 2198 credere
1071 2152 1133 2194 non
1157 2151 1230 2212 pos-

306 2217 368 2293 sis,
401 2219 601 2295 conqueraris
622 2237 661 2278 ca
681 2217 721 2278 de
743 2238 777 2278 re
797 2217 879 2315 opud
899 2218 1024 2280 fratrem
1046 2223 1149 2291 tunm,
1181 2216 1232 2274 cui

306 2297 447 2360 confiteri
475 2299 572 2362 voles
623 2301 695 2361 Dic:
728 2301 813 2362 Sent'
792 2309 835 2362 trc
872 2301 1013 2380 quidem,
1047 2299 1130 2379 quod
1157 2317 1230 2366 con-

304 2380 441 2445 fessione
460 2390 494 2444 et
512 2381 708 2446 absolutione
728 2384 859 2447 habeam
889 2404 983 2465 opus,
1021 2404 1126 2445 verum
1150 2381 1230 2446 infir

306 2465 387 2529 ιιιιιι
407 2472 455 2527 est
483 2465 560 2527 fides
583 2487 667 2546 mea,
698 2487 789 2547 qnam
818 2468 901 2547 quod
931 2470 1031 2547 possit
1058 2474 1142 2527 certo
1111 2465 1230 2527 tsibi

304 2549 494 2630 persuadere
515 2569 690 2627 versasse,
713 2570 792 2631 quas
815 2570 855 2613 ex
876 2558 907 2612 ιθ
929 2550 1030 2614 audio.
1074 2550 1153 2609 llam
1177 2552 1228 2609 cui

304 2634 417 2695 rectius
438 2632 478 2693 ιιθ
498 2634 709 2696 imbecillitate
731 2640 784 2695 tua
800 2640 988 2713 conquestus
1009 2634 1112 2710 fueris,
1136 2650 1229 2711 qnam

303 2716 393 2778 Deo?
429 2717 497 2778 Deo
519 2725 621 2778 auteur
644 2725 708 2778 tutu
730 2718 944 2798 conquereris,
979 2735 1047 2777 oum
1069 2716 1154 2775 fratri
1174 2724 1229 2777 tuo

305 2800 519 2877 conquereris,
534 2826 538 2840 ι
552 2802 603 2879 qui
618 2808 657 2879 pc
682 2807 791 2860 sancto
813 2800 871 2861 Dei
895 2800 991 2861 verbo
1015 2798 1168 2861 consolari
1192 2815 1232 2859 ac

305 2881 488 2944 confirmare
508 2890 626 2963 potest,
660 2889 754 2962 atque
782 2902 821 2943 ea
842 2883 965 2944 demum
994 2900 1067 2943 uera
1087 2888 1135 2941 est
1156 2898 1230 2941 con-

304 2963 410 3027 fessio.
453 2966 578 3027 Utinam
606 2973 708 3027 autem
731 2985 841 3028 cmnee
869 2978 906 3027 ec
941 2984 1041 3044 usque
1070 2965 1230 3045 progressi

305 3054 474 3126 ostentui
484 3048 703 3110 confiterentur
722 3049 796 3110 fidei
817 3068 892 3111 suae
902 3048 1121 3122 infirmitatem,
1143 3046 1229 3125 quod

304 3131 361 3193 Dei
383 3132 639 3211 promissionibus
660 3132 786 3194 credere
809 3151 871 3194 uon
894 3138 1030 3211 possent

387 3215 500 3277 Haec'
492 3235 553 3275 sam
574 3215 612 3275 de
635 3216 833 3277 confessione
849 3214 1012 3291 sufficiant,
1034 3213 1117 3293 quod
1135 3232 1230 3277 nemo

305 3296 345 3357 ιιι
365 3316 433 3359 eam
457 3300 527 3379 cogi
550 3298 678 3377 debeat,
713 3298 768 3359 sed
791 3304 824 3359 ιι
845 3299 1004 3393 solentes,
1039 3317 1101 3357 non
1125 3299 1229 3357 coacti

305 3379 516 3443 matiteamur.

387 3464 499 3525 Verum
521 3470 652 3561 quaeret
671 3464 797 3543 aliquis,
820 3456 982 3561 quidnam
1012 3464 1053 3523 sit
1080 3460 1231 3525 confiten-

305 3544 398 3607 dum?
427 3547 524 3607 Multa
545 3548 650 3629 nugati
672 3547 724 3607 hic
744 3553 831 3625 suut,
854 3549 905 3626 qui
927 3547 1106 3621 hactenus
1098 3564 1131 3607 ιιι
1153 3553 1228 3606 tenu

289 3628 363 3708 ¹plis
393 3629 579 3706 docuerunt,
615 3629 654 3691 de
683 3630 817 3709 quinque
847 3630 1004 3708 sensibus,
1038 3628 1077 3689 de
1107 3636 1228 3708 septem

304 3714 442 3791 peccatis
465 3714 662 3789 mortalibus,
690 3713 730 3773 de
751 3713 860 3775 decem
882 3714 1072 3792 praeceptis,
1106 3720 1138 3771 et
1157 3712 1228 3773 aliis

304 3795 462 3872 similibus,
484 3795 594 3874 quibus
618 3797 720 3875 potius
742 3794 908 3875 implicitae
930 3804 1001 3855 sunt
1016 3795 1229 3855 conscientiae

304 3896 396 3956 quam
417 3877 550 3940 adiutae.

389 3962 502 4023 Verum
524 3962 570 4020 sic
586 3962 724 4039 oportuit
732 3960 821 4039 ἰιιιιι,
843 3960 980 4023 debebas
1002 3966 1076 4021 ante
1097 3932 1227 4041 diligen·

305 4048 351 4103 ter
384 4043 638 4126 cumspicere,
681 4062 855 4124 qssseuom
853 4048 996 4127 peccate
1029 4050 1060 4106 te
1091 4046 1228 4113 menime
