3075 4775
356 549 419 619 19ss
553 548 712 619 Disputatio
732 552 840 620 lipsiae
860 552 955 645 hahita
974 570 998 606 a.
1014 552 1079 607 XlX

356 712 492 807 tentiam.
515 742 602 823 lisgo
611 740 688 801 illud
709 740 849 802 nondum
862 743 984 824 agentis
1006 747 1129 824 oportet
1148 742 1189 804 de
1210 760 1277 824 per

360 828 497 891 lectione
519 827 557 887 ad
579 832 668 886 extro
687 824 827 905 intelligi.

409 960 414 973 ,
441 910 526 976 Idem
549 909 589 970 ad
610 909 756 970 Basilium
777 908 902 969 dicetur.

440 995 487 1056 De
517 993 612 1054 verbo
639 992 791 1053 iohannis
817 993 980 1072 Bapistae,
1012 991 1087 1053 dicit
1113 992 1278 1053 evanidam

275 1076 307 1141 “.
359 1097 430 1140 esse
453 1078 663 1156 solutionem,
693 1074 778 1155 quod
800 1076 945 1152 dixerim,
971 1075 1146 1136 aliudesse
1170 1078 1279 1157 poeni·

358 1164 486 1223 tentiam
507 1161 629 1236 docere,
652 1159 734 1219 alind
756 1160 903 1240 incipere.
940 1159 1141 1239 Respondeo:
1184 1159 1281 1221 Salva

358 1246 550 1323 reverentia,
573 1244 715 1324 egreglus
736 1242 774 1307 D.
797 1242 834 1303 D.
857 1261 920 1304 non
942 1242 1063 1303 videtur
1083 1242 1212 1304 Paulum
1236 1245 1280 1303 in-

358 1329 506 1410 telligere,
528 1320 749 1388 nec‘virtulem
772 1324 861 1407 Lagis
883 1327 1078 1407 cognovisse.
1110 1327 1175 1387 Lex
1197 1328 1281 1387 eninr

359 1413 452 1474 docet
474 1410 597 1491 quidem
620 1415 736 1487 sancte,
758 1410 853 1486 iusta,
876 1416 908 1470 et
929 1408 1021 1486 hona,
1044 1409 1098 1470 sed
1121 1410 1190 1470 sola
1210 1428 1280 1490 gra·

359 1497 402 1557 tia
422 1496 539 1573 incipit,
561 1493 635 1553 facit
656 1497 686 1552 et
707 1491 827 1571 perlicit
847 1511 893 1553 ea
915 1492 999 1572 Ergo
1022 1494 1142 1554 etiamsi
1163 1492 1281 1553 Johan-

358 1598 414 1639 nes
449 1579 588 1639 timorem
619 1576 776 1636 docuisset
802 1594 872 1637 esse
902 1577 1022 1639 initium
1057 1577 1282 1659 poenitentiae,

359 1681 422 1723 non
444 1660 518 1721 ideo
540 1660 695 1738 sequitur,
717 1660 938 1739 poenitentiam
957 1660 1095 1739 incipere
1115 1680 1135 1720 a
1156 1660 1281 1723 timore.
1378 1709 1379 1724 .

360 1744 445 1809 Sicut
465 1745 492 1804 si
502 1744 654 1803 insinuem
669 1741 830 1821 quodlibet
850 1742 965 1803 bonurn
980 1762 1057 1823 opus
1069 1762 1125 1823 per
1145 1750 1282 1804 terrores

360 1834 391 1889 et
412 1829 527 1904 minas,
563 1844 627 1887 non
647 1825 719 1886 ideo
742 1826 849 1907 incipit
870 1843 948 1906 opus
979 1826 1095 1887 bonurn
1116 1844 1136 1886 a
1158 1833 1280 1888 terrore

361 1918 393 1973 ct
414 1912 513 1987 minis,
536 1908 591 1971 sed
612 1927 631 1969 a
654 1910 792 1970 caritate.

442 1994 637 2073 Indignatur,
668 1991 750 2071 quod
773 1990 972 2051 Aristotelem
1007 1992 1035 2051 ei
1059 1991 1228 2053 obiecerim
1251 1994 1283 2053 in

302 2138 304 2149 ,
361 2078 476 2138 scholis
503 2076 703 2155 theologicis,
738 2092 829 2153 quern
859 2079 961 2134 tamen
991 2093 1053 2135 non
1084 2076 1284 2155 acceptor-im.

360 2160 488 2237 Fateor,
526 2160 625 2234 minor
652 2164 715 2236 est,
744 2176 835 2238 qnam
863 2164 897 2217 ut
918 2156 1023 2217 valeat
1049 2158 1080 2216 in
1102 2158 1285 2238 theologica

361 2243 489 2323 schola,
520 2260 592 2302 cum
615 2240 759 2303 seductor
779 2241 870 2300 fuerit
898 2240 1151 2301 scholasticorum
1174 2241 1283 2302 docto-

360 2324 436 2387 rum.
460 2324 521 2388 Sed
539 2324 717 2385 satisfacere
738 2324 823 2384 volui
846 2323 1040 2384 conclusioni
1060 2343 1173 2401 mene,
1198 2324 1285 2405 quod

363 2416 471 2472 contra
492 2427 612 2470 sacrum
634 2427 722 2468 suum
733 2407 931 2468 Aristotelem
949 2407 1112 2488 desipiunt,
1135 2410 1187 2488 qui
1206 2429 1285 2489 poe·

362 2494 523 2554 nitenticm
545 2512 564 2552 a
593 2493 716 2571 timore,
753 2498 785 2552 et
812 2489 876 2552 non
903 2490 1000 2551 libera
1018 2492 1181 2553 voluntate
1202 2493 1286 2553 inci-

343 2579 457 2660 spiunt.
488 2576 565 2636 Nam
589 2575 819 2636 distinctionem
842 2573 881 2634 de
902 2573 1001 2635 libero
1022 2573 1147 2634 arbitrio
1170 2583 1285 2636 coacto

363 2668 394 2722 et
415 2659 541 2720 inducto
563 2665 696 2719 transeo.
736 2657 807 2718 Non
828 2658 910 2718 enim
932 2675 1037 2717 verum
1059 2664 1117 2736 est,
1138 2657 1222 2737 quod
1244 2659 1286 2718 li-

251 2750 256 2754 '
361 2743 467 2806 berum
494 2741 650 2803 arbitrium
677 2741 812 2821 unquam
845 2746 975 2821 cogetur
994 2739 1035 2800 ad
1063 2741 1195 2819 bonurn,
1231 2748 1287 2802 aut

362 2829 432 2908 cogi
461 2827 553 2886 etiarn
585 2826 692 2906 possit.
736 2824 767 2886 Si
800 2830 903 2884 antem
936 2825 1073 2904 cogitur,
1105 2825 1137 2884 in
1159 2824 1286 2886 diversa

362 2913 492 2991 rapitur,
523 2915 554 2970 et
575 2899 766 2968 coactionem
791 2908 838 2967 sui
862 2905 936 2970 odit.
958 2906 1034 2984 Sola
1055 2913 1157 2968 autern
1180 2909 1286 2987 gratia

362 2994 499 3072 trahitur,
521 2993 583 3052 hoc
606 2998 661 3067 est,
679 3011 751 3051 vere
773 2990 901 3050 liberum
925 2989 1063 3069 efficitur,
1085 2997 1118 3051 ut
1138 2992 1285 3072 Angusti-

363 3095 419 3136 nus
441 3083 550 3136 contra
571 3072 726 3134 lulianum
747 3074 798 3136 lib.
816 3076 844 3137 2.
867 3080 899 3134 et
920 3074 951 3132 in
974 3073 1076 3135 multis
1098 3074 1197 3154 locis..

445 3159 504 3219 Ubi
534 3157 686 3219 Christum
715 3157 778 3217 dixi
800 3173 932 3218 vocasse
964 3157 1123 3236 apostolos
1145 3164 1177 3218 et
1197 3155 1287 3238 Mag·

363 3241 504 3301 dalenam
526 3239 640 3302 blando
665 3245 775 3316 tractu,
798 3245 906 3300 contra
927 3242 1067 3320 opponit,
1078 3240 1206 3301 Paulum
1229 3253 1286 3302 vo·

363 3330 464 3384 catum
486 3343 555 3386 esse
578 3323 690 3400 durius,
714 3330 746 3382 et
766 3324 798 3383 in
820 3321 990 3403 Evangelio
1008 3322 1045 3399 *)
1075 3325 1190 3384 iussum
1208 3342 1287 3384 esse

277 3453 284 3459 .
363 3425 500 3486 servum,
535 3413 568 3468 ut
590 3406 791 3488 compelleret
810 3407 934 3467 intrare.
980 3406 1286 3468 Primnhrsatis‘ad·
1352 3449 1359 3460 .

343 3489 466 3568 ,miron
490 3490 572 3570 quod
595 3509 663 3550 cnm
685 3507 742 3550 nos
757 3487 932 3569 exemplum
944 3489 1030 3550 Pauli
1053 3491 1208 3551 soleamus
1231 3490 1286 3550 ad-

365 3573 552 3653 ducere'pro
575 3572 770 3634 defendenda
791 3573 907 3654 gratia,
928 3573 987 3652 ipsi
1009 3573 1098 3634 nohis
1121 3573 1287 3635 elabuntur

364 3655 515 3734 dicentes,
534 3656 597 3718 hoc
618 3675 688 3717 esse
709 3646 925 3716 miraculosum
946 3656 1078 3737 iactum,
1102 3663 1133 3718 et
1154 3674 1224 3727 non¹
1240 3657 1285 3716 im

365 3759 435 3801 cere
457 3739 605 3820 regulam.
628 3740 685 3799 Hic
706 3747 808 3800 tamen
832 3739 973 3820 egregins
995 3740 1032 3802 D.
1050 3741 1088 3802 D.
1109 3742 1286 3821 quasilnon

364 3842 419 3904 pro
443 3822 591 3883 miraculo
616 3822 742 3900 habens,
764 3841 821 3902 pro
844 3822 951 3903 regula
971 3823 1099 3887 inducit.
1134 3823 1195 3886 Sed
1222 3823 1287 3885 hoc

590 3959 798 3970 -—-·-——...-.-.-

277 3985 282 3998 ’
361 4096 365 4107 Ι
402 4013 432 4083 *)
450 4015 546 4068 Lucae.
567 4011 609 4064 14.
