3075 4775
256 546 258 551 ι
363 559 434 636 '2⁴52
596 570 688 625 Resol.
709 569 734 624 L.
756 586 841 639 snper
859 570 1042 639 Proposition.

372 763 453 818 tatur·
477 754 538 832 ibi,
568 768 630 818 non
661 762 694 817 ιιι
725 758 866 836 nonsit,
896 756 951 835 sed
977 763 1011 817 ut
1037 775 1101 818 non
1125 757 1293 837 imputetur

373 846 420 914 (ut
442 840 479 901 B.
500 839 781 921 Augustinus'ait).
823 840 882 901 Est
903 860 977 923 argo
992 847 1152 923 peccatum
1175 839 1218 901 ibi
1240 858 1293 927 ye-

372 925 502 1003 rissime,
526 925 583 983 hisi
607 922 688 1004 quod
711 943 775 984 non
794 928 967 1007 imputatur,
990 943 1028 986 eo
1042 922 1126 1005 'quod
1148 931 1294 1005 coeptum

372 1014 420 1069 est
441 1007 571 1087 expelli,
593 1009 730 1079 rentnsu
755 1009 878 1089 quidem
901 1010 1020 1071 solutus
1041 1014 1098 1083 cst,
1119 1008 1219 1088 ipsum
1243 1027 1294 1067 an·

325 1150 336 1167 ,
373 1099 434 1151 tem
456 1098 571 1170 manet,
593 1090 694 1151 donec
707 1096 738 1153 et
758 1093 860 1174 ipsum
874 1093 1054 1175 expellatur.
1076 1092 1188 1154 Sumus
1211 1091 1293 1151 enim

373 1176 404 1234 in
427 1173 539 1255 phase,
570 1173 600 1235 ld
625 1184 688 1251 est,
719 1178 847 1236 transitu
876 1175 916 1237 de
937 1180 1066 1259 peccato
1090 1174 1128 1235 ad
1150 1176 1295 1257 gratiam.

266 1288 269 1301 =
372 1256 463 1333 Quod
487 1258 512 1317 si
535 1275 638 1319 cesses
660 1254 735 1319 illud
750 1260 916 1339 expellere,
940 1280 978 1321 ao
998 1278 1055 1342 pro
1075 1278 1139 1319 nou
1154 1263 1294 1339 peccato

372 1340 509 1419 habeas,
532 1343 592 1401 iam
615 1349 737 1420 pactum
760 1362 824 1403 non
847 1362 953 1404 servas
974 1342 1137 1426 baptismi,
1160 1348 1191 1402 et
1217 1342 1300 1401 redit

376 1430 478 1484 reatus
491 1424 566 1486 eius.
609 1424 720 1485 Pactus
743 1428 884 1506 enimes,
906 1435 937 1488 te
950 1433 1110 1507 peccatum
1133 1424 1295 1507 expugna

363 1508 481 1584 turum,
493 1526 530 1567 ac
542 1506 667 1575 diabolo
676 1511 859 1589 pompisque
874 1511 940 1570 eius
951 1510 1178 1571 reluctaturum.
1201 1507 1295 1585 Quod

375 1608 442 1649 cnm
466 1589 505 1650 de
526 1592 662 1670 peccatis
684 1599 773 1652 extra
786 1601 825 1653 te
846 1594 955 1674 positis
977 1592 1132 1674 intelligis,
1155 1597 1188 1652 et
1208 1601 1295 1651 tuum

373 1680 534 1753 peccatum
556 1674 638 1735 intus
661 1674 777 1735 nullum
807 1695 877 1737 esse
899 1670 1004 1757 putai,
1035 1693 1094 1736 nec
1113 1681 1198 1735 recte
1218 1674 1296 1755 bap·

373 1756 454 1815 tismi
469 1764 694 1819 sacramentnm
706 1760 852 1841 intelligis
875 1779 934 1820 nec
948 1761 1073 1839 accipis.
1115 1755 1199 1840 luhu
1217 1776 1295 1837 ergo

373 1834 474 1900 differt
490 1846 649 1919 peccatum
671 1840 786 1903 fomitis
810 1841 980 1922 a‘quolibet
1002 1843 1128 1903 crimine
1149 1849 1223 1921 post
1246 1841 1296 1901 vel

373 1929 444 1983 ante
459 1922 666 2003 baptismum,
698 1944 765 1985 cum
790 1926 829 1986 sit
852 1917 951 2005 aeque
973 1934 1081 1987 eontra
1101 1925 1202 2005 legem
1218 1924 1296 2001 uei,

374 2006 452 2065 sicut
474 2006 634 2085 quodlibet
655 2008 747 2083 aliud,
770 2008 828 2068 nisi
851 2008 933 2088 qnod
958 2028 1020 2069 non
1043 2010 1219 2087 imputatur.

456 2086 575 2164 Quare,
598 2088 669 2168 quid
692 2091 743 2151 alii
765 2093 796 2151 in
818 2091 978 2173 theologia
1007 2087 1195 2152 scholastica
1217 2090 1294 2150 didi-

371 2172 478 2247 cerint,
502 2172 560 2250 ipsi
581 2173 721 2236 viderint.
746 2174 815 2255 Ego
838 2174 903 2235 scio
916 2182 947 2235 et
962 2173 1123 2253 confiteor,
1146 2192 1197 2233 ma
1210 2173 1296 2233 aliud

373 2253 447 2313 nihil
470 2253 626 2334 didicisse,
651 2275 741 2335 qnam
765 2258 969 2338 ignorantiam
992 2255 1128 2340 peccati,
1150 2258 1298 2333 iustitiae,

374 2336 516 2417 baptismi
531 2382 538 2413 ,
551 2345 594 2416 ¹et
607 2340 707 2401 totins
731 2340 922 2403 Christianae
944 2342 1042 2422 vitae,
1063 2359 1122 2402 nec
1142 2338 1215 2422 qnid
1238 2342 1297 2401 vir-

372 2427 419 2480 tus
441 2419 514 2498 Dei,
536 2439 612 2503 opus
638 2424 709 2504 Dei,
737 2424 836 2506 gratia
857 2424 929 2502 Dei,
961 2426 1078 2486 iustitia
1099 2422 1171 2491 uei,
1200 2423 1295 2498 fides,

372 2521 461 2580 ses,
491 2506 602 2565 caritas
625 2507 673 2567 sit.
716 2508 854 2568 Breviter
882 2529 943 2570 non
976 2509 1075 2570 solum
1106 2507 1180 2568 nihil
1202 2507 1296 2568 didici

374 2523 474 2668 &uod
497 2587 763 2666 serendnmerat),
786 2590 840 2652 sed
854 2591 918 2669 et²]
942 2591 1085 2664 nonnisi
1108 2588 1298 2652 dediscenda

372 2669 474 2745 didici,
497 2673 790 2736 omninocontraria
803 2674 914 2736 divinis
934 2675 1041 2752 literis,
1065 2673 1160 2736 miror
1181 2681 1297 2750 autem,

373 2753 397 2813 si
420 2754 471 2813 alii
492 2753 610 2816 felicius
623 2753 813 2836 didicerint,
838 2759 933 2837 quisi
955 2759 1049 2838 aliqui
1071 2757 1141 2835 sint,
1162 2755 1297 2817 candide

285 2876 296 2896 ι
372 2837 416 2896 εἰε
439 2837 586 2918 gratulor,
610 2859 669 2920 ego
692 2839 845 2900 Christum
868 2836 1032 2902 amiseram
1053 2839 1136 2920 illic,
1158 2857 1243 2900 nunc
1264 2843 1295 2900 in

373 2917 467 2979 Paulo
490 2923 599 3000 reperi.
879 2958 882 2963 ·

455 3003 596 3081 Sextoi),
619 3005 680 3065 huc
701 3006 850 3086 parabola
862 3007 966 3069 lllatth.
993 3009 1040 3071 13.
1072 3007 1218 3090 pertinet:
1252 3005 1295 3066 Si·

373 3085 445 3149 mile
458 3093 643 3170 estregnum
663 3087 821 3149 coelorum
838 3090 1005 3170 fermento,
1031 3087 1112 3172 quod
1133 3096 1295 3170 acceptum

375 3169 483 3229 mulier
504 3170 668 3234 abscondit
689 3171 719 3230 in
743 3172 860 3234 farinae
882 3175 956 3234 salis
974 3172 1087 3252 tribus,
1116 3169 1217 3232 donec
1239 3173 1294 3233 fer·

373 3259 558 3314 mentaretur
598 3261 703 3314 totum.
758 3253 864 3317 Satum
902 3275 1000 3338 genus
1035 3273 1197 3316 mensurae
1238 3263 1294 3332 est,

372 3333 533 3396 lllbraicum
570 3331 706 3398 modium
743 3345 775 3398 et
813 3339 970 3400 dimidium
1001 3341 1162 3400 continens
1185 3345 1294 3400 autore

372 3415 570 3499 Hieronymo.
610 3419 702 3496 'Quae
722 3429 832 3503 autem,
847 3424 908 3483 sint
919 3423 977 3483 tria
998 3428 1064 3482 sata
1086 3424 1146 3482 ista
1167 3421 1295 3498 farinae,

373 3499 465 3561 modo
489 3521 551 3562 non
575 3511 621 3563 est
643 3504 729 3564 locus
753 3501 865 3566 dicere.
907 3506 962 3567 sat
982 3523 1065 3565 nunc
1086 3512 1143 3583 est,
1164 3503 1295 3565 farinam

371 3601 440 3643 csse
470 3602 527 3644 nos
558 3582 715 3662 homines,
750 3587 930 3649 fermentum
960 3587 1173 3649 absconditum
1210 3586 1295 3648 Chri-

293 3715 296 3724 .
372 3671 463 3745 stum,
480 3669 609 3748 gratiam
633 3669 722 3730 nobis
744 3671 885 3752 largitam
915 3673 947 3732 in
969 3671 1077 3751 spiritu
1106 3667 1188 3731 lidei.
1233 3669 1294 3731 sed

275 3779 282 3789 ·
372 3751 450 3810 sicut
473 3750 654 3812 fermentum
669 3772 730 3813 non
745 3755 846 3816 subito
861 3754 1026 3816 fermentat
1038 3755 1293 3834 conspersionem

372 3839 484 3908 totam,
514 3836 557 3893 ita
580 3837 679 3916 gratia
709 3835 809 3896 inlusa
837 3857 899 3898 non
930 3857 1006 3898 mox
1033 3835 1211 3898 diffunditur
1238 3855 1295 3918 per

371 3922 467 3977 totum
498 3935 628 3997 corpus,
658 3916 712 3979 sed
748 3921 1022 4000 paulatim¹,t0tum
1051 3921 1208 3982 hominem
1237 3920 1294 3980 fer·

374 4006 466 4012 ———--
695 4008 795 4016 ,Μ

409 4022 440 4085 1)
482 4021 510 4070 n
542 4019 603 4072 sun.
630 4007 719 4089 &igr
756 4022 820 4074 roeo
848 4027 950 4075 reatus.
988 4023 1021 4090 ι)
1042 4022 1111 4076 Ibid.
1137 4021 1230 4076 noent:
1259 4029 1293 4078 n·

372 4091 404 4156 3)
428 4090 512 4144 lbid.:
533 4089 665 4160 Septimo.
755 4109 758 4116 ¹
962 4108 965 4116 ·
1008 4112 1012 4123 ·
