3075 4775
1051 303 1104 308 “““”““
1220 301 1225 309 ”
1246 301 1250 308 ¹
1310 313 1314 319 >

569 523 595 602 's
611 549 732 612 Nolano
751 553 884 616 extem,
1063 525 1066 528 ⁴
1141 545 1184 616 97

257 733 392 809 tatione,
409 731 495 810 quod
516 732 679 801 aedifimre
691 751 784 813 snper
794 739 913 813 petrem
929 730 1092 812 signifieat,
1114 732 1183 796 suh-

157 811 158 852 ³
222 815 1184 980 'ntlttll‘tlnlthshmzhltlttm

256 981 454 1062 ignoratam,
486 985 558 1062 quis
580 983 658 1044 dixit
679 984 787 1046 etism:
822 981 856 1042 Si
886 981 1057 1044 oeoidisset·
1075 983 1183 1046 Petrus

256 1065 438 1208 mortlpliter,
461 1066 563 1126 adhue
586 1067 749 1127 mansisset
760 1071 858 1146 petra,
880 1064 912 1125 id
934 1072 991 1143 est,
1013 1066 1130 1146 primus
1152 1074 1185 1129 et

274 1167 326 1208 ree
361 1155 423 1210 tue.
470 1166 476 1170 ’
766 1191 773 1204 .

252 1168 274 1228 p
337 1229 432 1306 Quod
453 1229 548 1311 dioit,
578 1232 651 1293 olim
676 1233 842 1313 episeopoo
872 1249 936 1292 uon
957 1229 1052 1292 fuisse
1074 1229 1182 1293 oouflr·
1239 1244 1246 1258 ·

255 1322 367 1393 matos,
390 1315 450 1376 nisi
470 1316 616 1395 praestita
629 1315 744 1383 eoheda
766 1313 849 1392 fidei,
859 1313 1000 1391 admitto,
1022 1332 1088 1389 sum
1110 1332 1184 1376 eou-

255 1405 369 1476 teutus,
393 1417 502 1460 verum
524 1398 602 1460 nihil
622 1398 662 1458 ad
683 1401 731 1460 ius
753 1396 901 1475 diviuum,
923 1396 999 1458 nihil
1021 1397 1102 1458 enim
1131 1395 1182 1460 de

254 1499 329 1561 rogo
354 1479 508 1558 Pontifici,
533 1481 679 1560 quidquid
701 1481 843 1552 tribuitur
863 1481 902 1542 ei.

337 1565 416 1626 Post
436 1564 520 1626 haee
543 1563 671 1626 adduxit
693 1563 858 1628 Nicoloum
880 1563 1057 1640 Cusanum,
1080 1571 1112 1624 et
1129 1578 1183 1624 ex·

255 1649 375 1710 oueavit
412 1648 596 1710 Anaeletum
626 1647 656 1710 S.
683 1650 797 1726 virum,
827 1646 910 1726 quod
944 1666 1008 1709 non
1034 1646 1125 1708 fixerit
1154 1648 1182 1708 ei

256 1733 435 1792 necessaria
457 1737 543 1792 tanta
570 1731 721 1810 scientie,
749 1739 812 1792 tam
841 1736 949 1792 saneto
967 1731 1044 1809 ,viro
1073 1730 1181 1792 fateor.

157 1857 159 1872 ,
255 1814 478 1876 Verumtamen
507 1834 627 1876 summo
660 1813 828 1892 Pontifici,
861 1815 927 1874 siue
956 1820 1089 1889 saneto,
1117 1815 1182 1874 sive
1234 1825 1238 1831 ’

256 1917 316 1958 non
341 1905 477 1976 saneto,
500 1906 589 1978 turpe
611 1903 659 1957 ert
680 1897 846 1978 evaugelio
866 1897 1029 1977 ignorare,
1050 1915 1120 1958 oum
1142 1899 1182 1959 sit
1269 1938 1271 1947 ,

255 1987 363 2060 pastor
384 1983 489 2042 ovium
513 1988 545 2042 et
565 1981 675 2042 doctor
697 1979 860 2061 evangelii.
902 1979 979 2050 (ium
1000 1987 1103 2042 eutem
1126 1980 1182 2041 Oe·

255 2064 314 2144 phe
337 2065 560 2144 interpretetur
582 2083 638 2144 per
658 2063 1075 2145 IohannemEvangelistam
1097 2081 1143 2127 oo.
1152 2068 1181 2131 1.
1225 2084 1237 2115 ¹>

254 2145 426 2212 dieentem:
458 2148 560 2208 Tuos
583 2147 701 2226 Simon,
724 2153 756 2208 tu
777 2145 939 2208 vocaberis
962 2145 1077 2228 Cephe,
1098 2147 1181 2228 quod

254 2231 473 2311 iuterpretatur
495 2231 614 2309 Petrus,
637 2230 762 2310 quando
786 2248 861 2311 ergo
883 2228 964 2290 filius
988 2231 1114 2292 tonitrui
1136 2231 1182 2291 sio

254 2321 362 2391 tonet,
385 2315 438 2394 qui
459 2313 548 2376 novit
569 2316 707 2376 omnium
728 2314 867 2395 linguas,
891 2313 999 2374 merito
1023 2312 1117 2389 debet
1138 2320 1181 2376 ta·

157 2390 161 2407 ’
254 2416 323 2459 nere
346 2400 468 2459 vanitas
492 2400 604 2461 terreni
625 2399 719 2477 fumi,
752 2399 819 2459 siue
848 2398 895 2477 sit,
908 2393 1057 2460 Nicolaua
1086 2394 1180 2460 Cusa-

254 2500 325 2559 uns,
356 2480 530 2543 Chaldaeus
552 2483 602 2544 vel
624 2482 773 2547 Ebreeus.
816 2479 888 2542 Non
910 2480 993 2561 quod
1015 2481 1178 2561 reprehen-

253 2563 322 2625 dam
346 2566 504 2647 egregium
526 2567 563 2627 D.
584 2566 639 2643 I).,
669 2566 721 2646 qui
743 2563 855 2626 dixerit
875 2563 999 2626 Petrum
1020 2562 1102 2626 idem
1126 2584 1178 2625 vs-

256 2648 326 2726 lere,
350 2650 430 2709 siout
451 2645 543 2729 eaput
565 2650 676 2711 domus
692 2647 890 2721 Chaldaioae,
911 2655 1020 2709 autore
1041 2666 1098 2709 suo
1121 2647 1178 2732 Cu·
1291 2663 1297 2682 I

253 2749 341 2808 sano,
363 2732 419 2792 sed
433 2732 517 2811 quod
540 2733 663 2794 laudem
686 2731 923 2812 imperterritum
946 2730 1179 2811 disputatorem,
1271 2751 1279 2764 ’

255 2816 304 2894 qui
328 2815 444 2876 audeat
465 2835 499 2877 se
521 2816 713 2878 committere
734 2816 765 2875 in
794 2825 918 2874 arenam
951 2805 1180 2894 theologorum,

253 2916 309 2958 neo
333 2904 454 2959 tantum
475 2901 558 2980 prius
579 2899 611 2959 in
634 2897 797 2977 evangelio
820 2897 977 2972 studuerit,
999 2902 1033 2956 ut
1048 2897 1179 2976 primum

252 2990 346 3126 litt
365 3002 400 3125 ll
419 2981 701 3146 Illinsstltil
716 2978 1179 3144 {innittqlzlltnlt

254 3146 336 3229 legat
356 3155 463 3209 temen
487 3167 510 3214 o.
537 3153 565 3215 I.
585 3149 624 3210 ad
647 3146 784 3211 Corinth.
802 3150 830 3209 I.
853 3152 885 3208 et
904 3147 1052 3209 inveniet.

333 3227 482 3294 Ultimum
504 3232 543 3294 de
574 3226 709 3295 ertioulis
732 3230 939 3292 Bohemorum
962 3248 1025 3291 non
1048 3228 1114 3290 vult
1135 3230 1178 3289 iu·

252 3313 365 3391 dicare,
389 3316 462 3379 lieet
482 3336 639 3396 uunquam
661 3315 790 3377 desistat
811 3332 861 3374 me
883 3312 1040 3395 sugillare,
1063 3319 1094 3373 et
1116 3330 1175 3393 ego

252 3396 289 3459 de
310 3400 356 3461 ele
379 3406 524 3479 transeo,
554 3399 629 3461 nihil
652 3399 775 3474 dioens,
809 3397 868 3459 nisi
888 3394 971 3477 quod
993 3394 1177 3477 Gregorium

251 3482 478 3545 Ariminensem
501 3482 570 3545 (list
593 3480 728 3544 XXVIII.
761 3481 957 3560 reprobatum
980 3478 1019 3539 ab
1051 3480 1178 3560 egregio

253 3564 331 3629 D.D.
347 3585 408 3648 ego
422 3568 572 3648 approbo.
595 3566 747 3627 llstenim
770 3570 852 3624 totus
874 3562 957 3624 allud
974 3563 1060 3642 nihil,
1084 3580 1177 3642 quam
1261 3623 1263 3628 ,
1350 3595 1354 3606 ·

251 3648 505 3730 Augustinianus,
529 3658 561 3711 et
578 3648 682 3711 divina
694 3647 859 3728 SerIptum,
880 3647 1028 3707 resistens
1052 3644 1177 3727 quidem

253 3734 395 3795 omnibus
418 3734 597 3796 doctoribus
621 3729 835 3807 scholasticis,
867 3737 932 3791 tum
954 3730 1089 3789 mexIme
1111 3729 1178 3790 Ari·

253 3817 367 3893 stoteli,
389 3818 445 3880 sed
468 3804 605 3879 nondum
628 3815 667 3877 ob
690 3814 753 3875 ullo
778 3812 953 3874 ooniutatus
976 3820 1032 3875 est.

157 3906 158 3923 ¹
334 3901 505 3963 Consentio
529 3920 598 3962 oum
609 3900 647 3961 D.
659 3899 707 3978 D,
731 3896 815 3977 quod
837 3895 1039 3958 oonoiliorum
1061 3899 1177 3954 statuta

254 3986 351 4147 iffi?
374 4002 454 4129 quael
473 3990 549 4046 aunt
564 3982 657 4127 ignei,
680 3988 750 4043 aaut
772 3971 975 4123 omnidmepdo
987 3977 1177 4120 pemrplplodtppn·

345 4089 385 4131 oo
406 4083 507 4132 somn
530 4088 572 4131 nu
593 4088 606 4128 1
627 4084 770 4141 reservo,
793 4082 854 4144 quo
953 4079 988 4122 re
1061 4079 1079 4119 s

279 4183 370 4224 nonen
384 4194 436 4234 opp.
450 4184 477 4228 v.
490 4188 518 4230 Α,
535 4186 564 4225 au
573 4185 620 4227 rer.
634 4184 684 4223 nur
698 4183 713 4222 ι.
726 4194 748 4233 ρ.
763 4183 813 4224 vor,
828 4182 869 4221 111.
992 4154 1012 4215 7
1090 4218 1093 4226 ,
