3075 4775
1330 312 1403 328 m-

533 551 665 606 Delenaio
682 550 753 607 Phil.
771 550 834 606 lisl.
853 568 876 604 o.
895 551 954 606 ioh.
970 551 1034 606 lieo.
1176 548 1240 618 493

315 741 359 802 mi
387 741 504 818 leetor,
535 740 585 802 his
617 738 726 816 erede,
757 741 811 819 qui
838 746 1017 819 praesentes
1038 739 1240 821 disputationi
1338 767 1341 772 ·

317 823 458 900 fuerunt,
486 831 519 884 et
537 823 681 884 humanis
703 821 863 884 affectibus
885 830 918 884 st
937 842 994 884 usu
1016 823 1240 904 familiaritatis,

315 908 397 971 siout
416 906 586 987 Philippus,
608 925 672 968 non
694 905 889 986 distineutua
923 906 1067 968 Nostram
1091 926 1165 970 vero
1188 928 1238 969 ex·

314 990 532 1070 purgationem
565 989 637 1051 boui
671 991 810 1050 oonsule.
855 989 937 1050 Deus
966 997 1013 1050 est
1038 989 1113 1050 mihi
1142 994 1239 1070 testis,

315 1072 400 1152 quod
433 1074 464 1131 in
495 1073 557 1134 hoo
588 1074 714 1153 negotio
748 1073 908 1134 veritatem
942 1071 1015 1135 fidei
1048 1072 1239 1136 Christianae

316 1175 434 1234 quaero
457 1164 489 1216 et
508 1157 562 1216 Dei
580 1155 742 1218 honorem.
773 1156 852 1216 Vale
875 1165 906 1216 et
927 1157 1023 1219 salve.
1057 1156 1106 1216 Ex
1128 1157 1239 1237 Lipsia.

314 1238 411 1299 XXV.
431 1239 513 1311 Iulii,
535 1257 619 1300 anno
639 1239 757 1319 getiae
781 1238 944 1302 M.D.XlX.

397 1404 589 1471 Defensio
615 1404 800 1488 Philippi
826 1403 1154 1472 llslanolrtlronis

314 1548 423 1602 eontra
444 1540 612 1602 iohannem
635 1541 781 1619 Eeeium,
804 1539 996 1624 Theologiae
1018 1541 1236 1606 Professorenr.

521 1707 728 1789 Philippus
750 1705 1026 1769 Melanohthon

608 1824 749 1886 Candido
771 1824 893 1887 Leotori
914 1825 944 1890 S.

398 1990 554 2072 avulgata
580 1998 627 2052 est
655 1992 863 2071 superioribus
885 1989 993 2054 diebus
1015 1993 1094 2054 forte
1116 1994 1238 2054 tortune

313 2074 447 2154 epistola
465 2073 616 2154 quaedam
629 2073 669 2135 ad
683 2074 958 2155 Oeeolampedium
969 2074 999 2150 ¹)
1022 2095 1101 2154 mea,
1121 2078 1153 2136 in
1177 2095 1238 2155 qua

312 2159 414 2218 amieo
433 2164 465 2218 et
478 2158 678 2238 integerrimo
700 2160 769 2218 viro
791 2165 822 2218 et
843 2160 908 2220 veri
930 2160 1141 2220 amantissimo
1164 2179 1237 2239 pau-

312 2242 357 2302 oie
386 2248 504 2301 tantum
534 2243 637 2321 eapite
665 2241 816 2321 quaedam
848 2242 999 2323 Lipsiaae·
1021 2241 1236 2322 disputationis
1303 2255 1305 2260 ·

313 2323 493 2387 adumbravi
510 2326 619 2405 magis
647 2343 740 2404 quam
769 2324 928 2407 desoripsi.
972 2325 1081 2406 Neque
1109 2327 1190 2387 enim
1218 2346 1237 2387 a

313 2410 497 2469 neeessariis
525 2410 628 2488 operis
652 2428 764 2470 vacare
785 2408 818 2469 id
840 2411 988 2490 temporis
1010 2410 1122 2471 diutius
1145 2410 1236 2473 daba-

312 2500 376 2570 tur,
406 2501 439 2553 et
466 2492 614 2572 pleraque
641 2494 706 2552 eius
735 2494 911 2553 oertaminis
933 2493 1086 2554 eiusmodi
1107 2495 1237 2572 fuerant,

313 2594 393 2653 quae
422 2575 498 2636 eitra
530 2574 677 2636 invidiam
708 2576 851 2656 persequi
874 2595 936 2637 uon
958 2574 1079 2637 lieebat.
1121 2576 1185 2635 lam
1208 2585 1240 2637 et

313 2657 467 2737 quaedam
494 2657 613 2721 leviora
642 2658 841 2736 videbantur,
873 2678 964 2738 quam
992 2665 1025 2719 nt
1046 2659 1083 2719 iis
1105 2660 1237 2718 amioum

312 2741 407 2821 longe
437 2741 555 2802 lelioius
584 2749 769 2822 oeoupatum
797 2760 967 2803 onerarem.
1013 2742 1115 2820 Atque
1136 2742 1166 2801 in
1189 2741 1236 2801 his

312 2829 477 2904 praesente
509 2826 614 2886 animo
645 2829 728 2902 aevi,
762 2844 802 2885 ne
834 2842 1008 2905 quenquam
1038 2824 1236 2900 offenderem,

314 2908 365 2986 qui
397 2909 429 2967 in
462 2910 547 2969 omni
577 2927 667 2969 eursu
700 2910 782 2969 vitae
811 2927 900 2969 meae
921 2909 997 2969 nihil
1018 2906 1119 2969 habeo
1142 2908 1235 2988 prius,

312 2989 389 3051 nihil
417 2990 498 3052 duoo
530 2993 686 3070 antiquius
710 2993 860 3053 bonorum
883 2993 991 3073 gratia.
1035 2990 1075 3051 llt
1096 2998 1129 3051 ut
1150 2990 1235 3051 Chri·

313 3074 446 3135 stianum
476 3093 540 3135 non
562 3084 609 3134 est
630 3075 711 3135 male
733 3076 842 3137 merito
864 3094 921 3155 par
941 3075 1065 3150 referre,
1086 3074 1234 3135 itainhu-

315 3176 438 3217 manum
469 3175 602 3236 oenaeo,
633 3158 676 3218 nil
705 3158 785 3218 male
806 3166 975 3219 merentem
998 3157 1138 3235 laedere,
1173 3176 1234 3237 quo

313 3242 439 3301 nomine
466 3260 536 3301 oum
564 3240 655 3321 eulpa
685 3248 749 3301 tum
782 3243 960 3322 suspieione
982 3242 1092 3321 eulpae
1113 3240 1236 3303 liberari

312 3324 404 3385 l'aoile
432 3343 534 3405 spero.
577 3324 640 3386 lam
664 3331 695 3384 et
718 3332 880 3405 perspecta
902 3344 1026 3403 eorum,
1060 3326 1111 3404 qui
1133 3323 1235 3405 dispu-

313 3414 463 3486 taverunt,
487 3409 582 3468 virtus
597 3427 635 3471 ae
648 3408 779 3469 eruditio
792 3409 962 3471 admonere
974 3410 1034 3471 mei
1053 3428 1102 3469 me
1125 3410 1236 3489 potuit,

313 3508 353 3550 ao
365 3491 561 3571 persuadere,
574 3511 615 3553 ne
625 3510 801 3571 quenquam
812 3493 964 3554 inoivilius
976 3494 1231 3573 perstringerem:

257 3591 261 3597 ’
313 3592 415 3652 neque
442 3575 523 3635 enim
547 3581 610 3635 tam
631 3576 770 3654 stupidus
794 3596 878 3654 sum,
915 3583 1031 3637 utnon
1054 3576 1235 3656 intelligam,

313 3665 429 3735 quanto
460 3656 491 3717 id
524 3676 595 3718 meo
622 3658 758 3739 periculo
780 3658 876 3721 fleret.
921 3661 1059 3721 Breviter
1080 3663 1235 3723 sanotiore

313 3740 395 3820 apud
419 3759 468 3800 me
489 3739 562 3803 loeo
586 3742 846 3821 Oeeolempadius
857 3744 888 3822 1)
914 3751 977 3824 est,
1001 3762 1091 3823 quam
1115 3745 1235 3805 ateius

295 3825 439 3884 ‘'nomine
460 3823 500 3884 ad
521 3825 768 3910 calumniandqm
792 3830 1111 3909 quemcunqueabnti
1133 3828 1235 3888 velim.

395 3907 557 3986 Proinde,·
573 3926 775 3989 quaeeunque
803 3912 1019 3993 oomplsetitur
1040 3912 1172 3992 epistola
1194 3912 1234 3975 ad

386 4079 418 4143 l)
439 4081 470 4133 ln
489 4080 531 4134 ed.
550 4079 622 4134 ian:
640 4080 676 4132 ad
694 4080 726 4132 li.
749 4112 779 4121 -
798 4082 832 4137 N.
