3075 4775
480 593 481 598 ,
550 539 708 596 aucturus
729 548 854 612 executa.
1036 617 1041 636 ι
1135 539 1177 608 77

161 709 162 780 l
261 729 438 800 Pontifioem
460 731 523 792 iam
537 722 714 810 probaverit
732 712 905 809 nrimatum,
927 731 979 809 qni
1000 731 1092 792 toties
1112 732 1178 795 iure

261 813 361 875 divino
386 833 420 875 se
441 813 638 894 probaturum
652 813 802 892 promisit,
825 832 883 873 nec
904 814 964 874 nisi
985 813 1109 876 decreta
1129 815 1178 874 fri-
1260 834 1262 847 ¹

260 897 417 978 gidissims
447 896 599 971 exhihuit,
634 909 665 956 et
696 895 814 974 aliquot
836 896 957 956 Petrum
986 897 1064 958 false
1090 898 1178 959 intel-

261 981 354 1042 lectas
378 981 567 1042 autoritates.
606 979 755 1058 Platynae
779 978 854 1038 nihil
875 978 985 1058 tribuo,
1007 980 1062 1041 sed
1084 981 1179 1042 histo-

260 1065 337 1142 riae,
365 1081 446 1142 quae
476 1069 524 1124 est
550 1071 647 1123 mater
674 1062 832 1139 veritatis,
866 1081 958 1158 quem
986 1064 1091 1125 scribit
1113 1064 1179 1125 Pla·

314 1166 342 1208 a.

261 1154 312 1228 tyn
342 1227 434 1302 Quod
459 1221 498 1288 de
520 1221 796 1288 Constitutionibns
819 1227 913 1304 dicit,
936 1236 1070 1288 transeo.

341 1310 481 1372 Tandem
496 1311 615 1388 fatetur,
639 1329 768 1406 graecos
783 1310 914 1372 Sanctus
936 1330 998 1371 uon
1010 1331 1079 1370 esse
1096 1311 1180 1371 dam-

263 1401 368 1470 natos,
395 1393 453 1453 sed
482 1394 583 1454 solum
614 1394 842 1454 schismaticos.
878 1394 945 1454 Hoc
972 1395 1047 1454 nihil
1069 1401 1116 1454 est
1138 1394 1179 1454 ad

262 1478 475 1558 propositum,
506 1495 606 1555 neque
629 1495 687 1557 ego
706 1478 792 1537 ‘euim
815 1495 950 1556 unquam
973 1476 1117 1556 respondi
1142 1477 1181 1536 de

263 1561 465 1622 schismaticis
488 1558 625 1636 Graecis,
648 1559 703 1620 sed
725 1559 764 1620 de
787 1557 907 1620 Sanctis
930 1562 1108 1638 praesertim
1130 1559 1181 1620 Ni·

264 1663 330 1706 cem
322 1643 481 1739 'concilii
503 1643 581 1702 siout
602 1661 660 1702 neo
672 1643 795 1704 credo
787 1662 886 1722 ipsum
899 1644 1014 1702 sentire
1036 1643 1076 1704 de
1088 1644 1181 1703 schis-

265 1728 382 1788 maticis
403 1725 539 1802 Ιιιιιιιιιι,
561 1725 687 1805 quando
710 1725 748 1785 de
770 1726 860 1788 Rom.
883 1726 1015 1786 ecclesia
1038 1727 1181 1807 loquitar.

344 1808 529 1890 Gregorium
564 1829 584 1869 a
610 1828 660 1870 me
681 1809 838 1869 inductum
868 1808 942 1869 dicit
963 1828 1032 1870 esse
1053 1828 1182 1888 sequeu-

250 1893 334 1966 ,dum
361 1892 530 1952 seeundum
559 1911 698 1963 sensum,
737 1912 800 1953 non
829 1890 1006 1952 seeundum.
1034 1893 1181 1954 corticem

264 1977 437 2052 verborum,
463 1982 496 2035 et
518 1976 562 2036 sie
584 1976 658 2036 satis
681 1982 729 2035 est
750 1975 908 2036 confutata
920 1995 989 2036 mea
1008 1978 1182 2055 responsio,

265 2058 421 2120 sufficiunt
442 2061 524 2118 enim
545 2057 727 2120 solaverba
747 2057 892 2120 Deciana.
1272 2108 1276 2120 ,

347 2139 438 2214 Quod
468 2148 572 2202 sutem
599 2141 718 2200 induxit
739 2144 768 2204 2.
791 2160 820 2221 q.
844 2145 871 2205 6.
900 2160 967 2220 cap.
1001 2139 1038 2200 de
1068 2147 1182 2216 cetero,
1237 2196 1240 2201 ,
1334 2204 1336 2209 ⁴

266 2225 314 2286 ubi
336 2224 442 2287 scribit
463 2224 544 2284 idem
566 2223 753 2305 Gregorius,
782 2223 860 2285 alios
883 2225 1068 2304 episcopos,
1096 2243 1183 2303 prae·

267 2316 405 2389 terquam
419 2308 592 2368 Romanum
614 2307 645 2368 in
659 2305 784 2388 'partem
808 2314 937 2368 vocatos
959 2305 1183 2380 sollicitudinis

266 2393 382 2454 nonin
403 2390 625 2471 plenitudinem
647 2392 825 2470 potestatis,
847 2391 953 2454 debuit
973 2392 1009 2454 D.
1023 2392 1059 2454 D.
1082 2397 1183 2450 osten·

267 2476 347 2554 dere,
370 2474 453 2554 quod
476 2492 584 2536 omnes
604 2476 768 2554 episcopos
793 2475 980 2537 intellexerit
999 2494 1081 2554 per
1068 2472 1184 2545 orbem,

267 2566 296 2619 et
317 2577 382 2619 nnn
404 2558 503 2619 solum
518 2557 718 2619 occidentalis
732 2558 883 2619 ecelesiae
885 2559 1071 2638 episeopos.
1093 2555 1185 2641 Quod

267 2644 290 2702 si
312 2660 405 2723 quam
428 2642 562 2701 maxime
582 2641 708 2719 faceret,
731 2659 794 2701 non
815 2641 887 2703 ideo
899 2640 1045 2736 probatur
1057 2659 1096 2699 ex
1117 2642 1183 2699 inre

268 2706 381 2787 divino.
406 2708 573 2805 Gregorius
595 2722 689 2805 homo
713 2731 769 2801 est,
792 2743 893 2804 eoque
914 2725 1013 2783 minus
1027 2722 1184 2802 probatur,

268 2826 326 2887 qno
351 2806 478 2867 multo'
470 2827 502 2867 ιιι
523 2806 659 2887 pluribus
681 2806 758 2867 loeis
780 2807 933 2869 d1versum
944 2807 1046 2883 sentit,
1069 2810 1101 2866 ut
1123 2824 1186 2865 ma·

268 2892 313 2972 gis
336 2892 377 2949 sit
399 2890 497 2950 mihi'
489 2910 535 2951 rus
558 2889 680 2950 dicendi
701 2890 737 2951 D.
742 2890 889 2968 Doctori,
911 2897 945 2949 ut
963 2890 1030 2977 ipse
1051 2907 1185 2961 sensum
1274 2893 1277 2898 '

271 2981 300 3035 et
321 2993 385 3035 non
411 2974 554 3052 corticem
577 2974 608 3032 in
631 2973 694 3037 suis
716 2972 856 3035 adductis
877 2980 1032 3051 sequatur,
1053 2979 1108 3031 aut
1127 2971 1186 3050 pri·

270 3076 351 3117 mum
374 3057 506 3121 eundem
529 3056 585 3118 sibi
609 3056 761 3117 conciliet

352 3139 515 3217 Ultimum,
544 3139 667 3218 quando
690 3158 750 3219 ego
773 3147 882 3201 eontm
903 3138 1060 3219 egregium
1086 3137 1123 3198 D.
1145 3136 1185 3202 Ι)

271 3222 379 3285 induxi
402 3222 591 3301 Paulum,l
598 3222 766 3283 ‚Corinth
789 3227 821 3288 3.
844 3220 935 3297 Quod
956 3220 1185 3283 fundamentum

268 3306 350 3367 aliud
368 3324 461 3367 nemo
484 3325 601 3386 ponere
618 3313 730 3386 potest,
755 3314 874 3385 praeter
894 3304 926 3365 id
948 3304 1031 3401 quod
1054 3304 1186 3386 positum

271 3397 337 3466 est,
367 3389 450 3469 quod
473 3396 521 3449 est
542 3389 633 3451 lesus
656 3388 814 3467 Christus,
844 3389 921 3449 dixit
909 3390 1033 3448 tetiam
1056 3386 1187 3449 trihueu·
1248 3437 1251 3442 ι

270 3470 353 3552 dnm,
379 3473 500 3533 Vicario
523 3472 644 3546 Christi,
668 3491 742 3552 ergo
766 3480 890 3552 oportet
911 3472 956 3531 sie
977 3470 1093 3531 dicere:
1129 3471 1188 3531 Ne·

271 3574 319 3617 mo
363 3554 445 3616 aliud
487 3554 715 3616 fundamentum
749 3575 866 3637 ponere
904 3561 1024 3634 potest,
1067 3562 1189 3633 praeter

269 3638 300 3699 id
335 3638 419 3718 quod
448 3639 585 3718 'positum
620 3644 682 3716 est,
719 3638 802 3718 quod
836 3646 884 3698 est
919 3638 1007 3699 Rom.
1037 3637 1189 3714 Pontifex,

272 3729 303 3781 et
330 3722 376 3782 sin
408 3721 610 3783 resistendum
643 3722 700 3781 erit
742 3721 992 3793 evidentissimae
1033 3722 1189 3799 autoritati

271 3804 372 3883 Pauli,
397 3813 450 3865 aut
471 3804 695 3884 revocandum,
726 3804 810 3884 quod
830 3804 908 3865 haec
929 3823 993 3867 non
1014 3804 1077 3863 sint
1097 3801 1190 3863 trihu·

274 3887 355 3949 enda
376 3888 499 3947 Vicario
524 3886 644 3949 Christi.

356 3970 502 4031 Similiter
522 3970 598 4031 illud
620 3970 688 4031 Gal.
711 3974 741 4048 2,
763 3969 814 4029 ubi
838 3968 915 4029 dixit
930 3968 1053 4047 Paulus,
1075 3969 1126 4047 qni
1148 3968 1189 4025 vi·
1280 3991 1286 3993 -

275 4052 425 4115 debentur
449 4054 600 4135 (loquitur
620 4053 660 4118 de
683 4054 794 4131 Petro,
820 4050 953 4128 Jaeobo,
976 4057 1007 4113 et
1026 4050 1187 4122 iohanne)
