3075 4775
346 538 411 608 140
459 507 464 512 ⁶
561 542 717 611 Disputatio
735 542 845 611 Lipsiae
869 542 964 596 habita
982 558 1007 597 a.
1026 540 1087 595 Xlll

348 728 526 788 testimonia
548 727 719 788 clarissima
745 746 802 807 pro
829 728 1006 809 purgatorio
1034 733 1108 789 sunt
1128 725 1276 805 adducta,

349 830 412 873 non
434 830 490 891 pro
514 816 594 871 statu
617 812 786 872 animarum
810 812 840 871 in
863 812 1051 893 purgatorio.
1151 851 1154 863 ·

429 894 499 955 lam
530 895 586 955 illa
616 896 765 955 autoritas
787 894 907 955 lieeles.
931 898 985 958 11:
1020 894 1054 954 ln
1089 908 1278 973 quoeunque

347 977 419 1039 loeo
448 976 593 1038 eeoiderit
620 978 757 1059 lignum,
795 979 861 1038 sive
895 978 933 1038 ad
968 984 1105 1039 austrum
1137 977 1205 1037 sive
1236 975 1277 1035 ad

347 1061 539 1141 aquilonem,
560 1060 602 1122 ibi
625 1062 697 1139 erit,
735 1060 786 1123 ubi
808 1062 914 1142 glossa
938 1059 1276 1141 ordinabaintslligit:

347 1145 460 1225 loeum,
482 1164 573 1224 quem
585 1145 637 1205 bie
657 1144 711 1206 tibi
730 1146 974 1225 praeparaveris,
994 1144 1133 1220 habebis,
1155 1143 1279 1222 neseio,

299 1251 301 1258 ·
348 1246 408 1308 quo
430 1230 556 1309 ingenio
569 1227 610 1288 ad
631 1230 823 1308 propositum
836 1228 984 1307 dueatur,
1006 1230 1031 1288 si
1054 1228 1134 1287 enim
1156 1246 1213 1306 per
1229 1226 1277 1288 lo·

347 1330 417 1371 eum
438 1316 654 1391 praeparatum
676 1312 708 1387 1)
730 1311 877 1392 intelligit
902 1312 1123 1393 purgatorium,
1148 1330 1276 1371 manen-

346 1394 419 1455 dum
441 1396 499 1455 erit
519 1396 549 1454 in
572 1400 732 1460 aeternum
763 1396 795 1457 iu
818 1396 1016 1475 purgatorio,
1044 1396 1070 1455 si
1099 1400 1200 1454 autem
1217 1395 1277 1460 „iu-

346 1478 470 1559 telligit,
493 1476 576 1557 quod
598 1479 624 1538 si
645 1478 695 1538 hie
714 1478 958 1559 praeparaveris,
980 1477 1012 1537 id
1035 1484 1101 1557 est,
1114 1478 1276 1555 merueris,

346 1570 420 1623 tune
442 1578 504 1622 non
526 1561 599 1622 faeit
619 1560 659 1622 ad
680 1564 875 1623 autoritatem
897 1562 1017 1622 Euclea.
1041 1565 1094 1639 11,
1123 1563 1174 1640 qui
1196 1561 1275 1621 nihil
1306 1606 1309 1614 .

346 1644 386 1706 de
408 1646 517 1705 merito
539 1644 685 1724 loquitur,¹
706 1644 762 1705 sed
784 1645 823 1705 de
846 1651 944 1706 morte
964 1646 1105 1711 homnis.

427 1727 568 1789 Transeo
589 1728 678 1807 illud,
699 1729 783 1808 quod
806 1728 943 1794 Christus
953 1726 991 1809 ¹¹)
1016 1728 1099 1807 dieit,
1120 1729 1152 1787 in
1174 1726 1273 1789 domo

346 1812 442 1873 Patris
454 1812 501 1872 sui
523 1830 593 1872 esse
604 1812 716 1872 multas
733 1814 919 1889 mansiones,
942 1818 973 1873 et
995 1811 1077 1891 quod
1090 1816 1174 1872 eerta
1190 1830 1276 1870 man·

345 1896 392 1956 sio
415 1896 557 1955 morienti
580 1894 762 1976 deputatur,
798 1895 877 1957 ultra
905 1915 997 1975 quam
1029 1894 1198 1955 ascendere
1220 1914 1275 1953 ne·

346 1979 419 2058 quit.
462 1977 577 2039 Tutiam
609 1998 670 2059 pro
701 1997 751 2039 me
773 1985 828 2042 est.
873 1978 963 2056 Seio,
993 1978 1076 2058 quod
1108 1978 1276 2057 unienique
1358 2038 1363 2047 ,

345 2063 466 2123 mensio
488 2061 652 2142 deputatur
670 2068 744 2141 poet
763 2068 904 2143 mortem,
927 2061 981 2121 aed
1003 2062 1183 2123 nonstatim
1204 2080 1276 2141 per-

344 2146 429 2205 venit
449 2144 489 2205 ad
511 2148 703 2207 mansionem
720 2152 799 2229 post
814 2112 964 2222 mortbm,
996 2146 1054 2205 nisi
1076 2145 1274 2205 mansionem

346 2229 454 2289 iterum
476 2248 533 2307 pro
555 2230 733 2309 purgatorio
756 2230 897 2309 aeeipiat,
920 2234 952 2289 et
974 2230 1021 2289 sio
1041 2228 1208 2289 morientes
1233 2226 1274 2319 ab

346 2316 474 2372 aeterno
496 2331 593 2393 regno
616 2312 761 2374 exeludit.

323 2464 325 2467 ¹
427 2395 501 2456 Item
525 2402 556 2456 et
574 2395 650 2464 illud
672 2397 872 2458 Damascena
888 2396 956 2457 Hoo
978 2396 1172 2457 hominibus
1176 2415 1272 2475 ιιοιι,

240 2545 246 2556 ,
346 2478 429 2559 quod
450 2479 570 2560 angelis
592 2497 691 2541 eaeus.
714 2479 918 2577 Respondeo·
947 2478 981 2542 et
1003 2499 1076 2561 ergo
1099 2483 1171 2560 post
1192 2499 1272 2540 mor·

344 2567 408 2621 tem
432 2562 606 2622 eeoiderit
597 2583 628 2622 ιιι
651 2565 871 2644 purgatorium,
894 2562 1040 2641 seqnitur,
1063 2561 1174 2645 qnod
1166 2583 1198 2622 m
1220 2582 1272 2624 ae

344 2651 464 2705 temum
484 2646 679 2726 purgabitur,
701 2652 754 2707 aut
776 2651 900 2727 oportet
922 2647 1178 2726 Damaseenum,
1191 2647 1274 2708 siout

267 2775 271 2783 ,
345 2734 377 2789 et
397 2729 502 2804 omnia
522 2730 757 2814 praeualentis,
789 2730 920 2810 intelligi
953 2728 991 2790 de
1014 2729 1131 2792 duabus
1154 2693 1271 2791 illimis
1323 2749 1325 2756 ’

344 2812 565 2892 mansionibus,
586 2779 793 2874 damnatiobis
816 2820 847 2874 et
863 2811 1069 2910 beatitudinis,
1094 2821 1130 2874 et
1144 2833 1207 2874 non
1232 2813 1272 2874 de

344 2898 534 2977 purgatorio.

428 2979 473 3039 lta
495 2987 527 3039 et
546 2978 602 3038 illa
621 2978 741 3040 lloeles.
764 2982 800 3043 9·
836 2977 1051 3078 Quodcunque
1071 2979 1187 3078 poterit
1207 2998 1273 3038 ma-

330 3079 401 3122 'nus
423 3067 475 3122 tua
495 3064 646 3123 instanter
667 3081 817 3142 operare,
830 3063 918 3207 tquia
940 3082 997 3124 uec
1018 3063 1096 3124 ratio
1120 3081 1182 3122 nee
1201 3081 1273 3122 sen

345 3164 396 3204 sus
419 3146 501 3242 apud
522 3146 637 3207 interos
657 3153 724 3224 est,
747 3153 863 3226 quotu
885 3165 1042 3244 properas.
1085 3145 1117 3207 Si
1139 3145 1179 3206 de
1200 3165 1272 3226 pur-

344 3228 466 3308 gatorio
487 3229 647 3311 intelligit,
674 3230 783 3290 iterum
806 3229 1015 3328 purgatorium
1043 3230 1103 3290 erit
1123 3227 1273 3308 infernus,

346 3330 430 3453 prgo
442 3312 541 3372 solnm
564 3312 603 3372 de
623 3311 762 3391 interno,
787 3315 863 3374 eitra
884 3315 1065 3375 memoriam
1086 3313 1272 3393 purgatorii,

358 3395 489 3472 oquitur.
821 3397 839 3438 ⁸

426 3478 602 3539 iohannem
629 3479 843 3560 capistranum
866 3428 1013 3547 libenter
1037 3477 1184 3555 admitto,
1214 3478 1271 3597 sed

346 3568 433 3622 extra
456 3564 894 3624 contentionem·

428 3645 507 3724 Jam,
530 3644 611 3724 quod
633 3644 919 3727 apostolumGalat.
941 3647 969 3710 6
992 3644 1065 3707 dieii
1086 3650 1195 3706 eontra
1215 3665 1271 3707 no-

346 3735 439 3790 stram
462 3730 644 3790 sententiam
667 3730 768 3810 loqui:
793 3728 881 3805 Quae
903 3728 996 3789 bomo
1019 3730 1217 3790 seminaverit
1238 3731 1271 3790 iu

378 3994 411 4064 4)
433 3999 462 4050 ln
483 3997 526 4052 ed.
547 4000 617 4068 orig.
638 3997 761 4053 additum
785 4001 952 4074 legiturzet
970 4001 1123 4072 humidum.
1203 4049 1205 4056 ⁴

399 4085 430 4157 ·)
451 4086 514 4145 lob.
533 4088 577 4144 14.
