3075 4775
312 521 377 591 too
543 521 676 576 aaronis
694 519 762 576 ssu.
782 495 1002 576 usmaitans

313 717 349 779 ut
372 727 435 774 noa
464 709 528 773 hoo
551 708 652 773 libare
678 709 776 774 susim
799 708 917 785 unua,
944 709 1007 772 ino
1028 708 1161 770 tortssss
1182 727 1238 769 no·

313 796 408 855 tiores
430 793 588 872 aliquanto
609 797 683 856 sunt
703 793 788 872 mihi,
810 811 901 873 quam
915 791 1010 854 Ennio
1033 811 1105 852 suus
1117 791 1238 864 Aristo·
1363 810 1368 827 ·

313 876 401 940 selu.
445 875 574 952 Quoties
604 877 665 958 ipsi
696 877 777 938 inter
810 895 844 940 sn
875 875 1082 936 dissentiunt?
1114 875 1239 954 quoties

313 978 387 1022 suos
415 979 535 1026 errores
563 959 751 1024 tetrsotonti
786 959 826 1022 Et
847 957 1067 1038 qnid-nulrit?
1099 977 1160 1018 una
1190 965 1240 1018 ast

313 1043 471 1122 Scriptura
501 1042 645 1104 eoelestia
680 1044 821 1122 spiritus,
853 1061 945 1123 pura,
985 1045 1018 1104 st
1048 1060 1104 1122 par
1135 1042 1239 1102 omnia

314 1143 424 1203 vorax,
447 1145 539 1205 quam
561 1127 743 1188 eanonicam
765 1132 889 1188 runaut

395 1209 539 1286 Proinde,
561 1209 634 1288 quid
656 1209 768 1289 pisouii
790 1216 847 1287 ast,
869 1209 896 1270 si
908 1208 1056 1272 Martinus
1071 1206 1099 1287 1)
1125 1205 1237 1268 alioubi
1364 1204 1376 1226 '

313 1313 333 1354 n
353 1291 537 1373 quibusdam
560 1292 714 1372 ambiguis
738 1299 876 1354 vataruar
908 1289 1154 1370 expositionibus
1176 1289 1236 1350 dis-

313 1375 427 1440 sentit?
455 1382 487 1436 et
514 1394 569 1440 our
597 1394 660 1436 non
682 1373 862 1438 dissentiat?
894 1374 1011 1436 Ionum
1037 1373 1158 1436 Martha
1190 1372 1237 1434 'tu

314 1478 348 1522 so
368 1459 488 1537 Petrus,
509 1466 541 1520 at
560 1478 654 1538 super
674 1459 757 1520 hano
777 1469 907 1542 petram,
932 1457 1080 1520 Martinus
1095 1456 1126 1536 ¹)
1151 1471 1238 1518 enar-

314 1562 385 1605 rans
412 1543 549 1621 sequitur
570 1540 752 1622 origenem,
783 1544 835 1622 qni
861 1559 939 1602 unns
969 1559 1025 1620 pro
1055 1540 1158 1602 multis
1180 1547 1238 1620 ast,

313 1625 414 1704 idque
433 1645 471 1688 eo
501 1625 589 1702 tooo,
617 1625 669 1686 ubi
697 1625 760 1688 hoo
784 1627 884 1706 ipsum
913 1625 978 1704 agit
1007 1623 1174 1704 Origenes,
1204 1629 1239 1684 ut
1340 1677 1347 1686 ,
1384 1655 1386 1724 r

313 1715 452 1786 enarret,
473 1708 678 1788 Augustinurn
702 1709 733 1769 io
755 1709 885 1772 homilis
906 1707 1059 1783 videlieet,
1082 1706 1237 1785 evangelii

249 1803 255 1817 ⁸
314 1792 456 1872 exegesi,
482 1790 679 1855 Ambrosium
705 1792 737 1852 in
765 1791 817 1854 lib.
842 1795 861 1857 6
888 1792 919 1854 in
940 1791 1068 1867 Lunam,
1096 1789 1238 1868 reliquos

307 1882 485 1955 ‚praetereo
527 1873 622 1954 Esto,
657 1876 765 1938 muniit
792 1875 904 1936 Eooius
936 1874 1121 1936 sanmntism
1149 1891 1237 1933 auam

314 1957 434 2037 aliquot
446 1957 570 2020 aarum
588 1956 812 2036 autoritatibus,
834 1957 1016 2037 Hieronymi
1031 1963 1063 2017 et
1081 1955 1237 2036 Cypriani,

314 2041 425 2120 quibus
446 2042 582 2102 mexime
603 2042 717 2120 nititur,
738 2061 810 2104 nam
832 2040 991 2102 Bernardo
1013 2047 1045 2102 at
1065 2040 1161 2102 Leoni
1184 2058 1237 2118 pa-

313 2143 380 2189 rum
408 2125 481 2189 iuris
508 2124 541 2184 in
570 2124 631 2188 hoo
662 2127 790 2205 negotio
819 2125 891 2202 erit,
917 2123 1006 2186 uides
1028 2130 1061 2186 at
1083 2122 1238 2182 diversam

314 2206 345 2270 Β.
367 2207 490 2271 Patrurn
511 2208 727 2272 autoritatibus
749 2209 906 2270 munitam.
939 2206 1020 2282 Quid
1040 2205 1154 2288 igitur?
1176 2207 1238 2285 ipsi

314 2307 419 2350 sonum
446 2294 606 2369 pugnant?
636 2290 709 2370 quid
731 2291 864 2353 mirum?
897 2289 975 2354 Inde
997 2295 1237 2352 nouasotanoum

315 2378 379 2450 eat,
401 2370 431 2434 S.
454 2373 561 2435 Patres
581 2392 646 2436 nou
667 2374 803 2454 probare
822 2375 925 2437 losum
947 2373 1054 2438 Matth.
1074 2371 1115 2435 ad
1138 2371 1244 2434 Onon·

315 2456 427 2522 menioi
447 2457 642 2519 autoritatem
664 2459 838 2538 portinere?
868 2457 1006 2521 Patribus
1028 2458 1110 2525 enim
1131 2456 1237 2532 oredo,

313 2541 386 2620 quia
400 2538 576 2619 scripturae
597 2541 701 2619 oredo,
723 2546 773 2603 oui
794 2544 855 2603 vim
877 2541 943 2603 fieri
966 2560 1029 2603 non
1051 2541 1124 2603 lioet
1144 2559 1237 2620 prop·

314 2631 361 2687 tor
382 2625 491 2686 varias
504 2623 627 2688 illorum
649 2627 837 2689 sententias..
856 2625 963 2705 ltaque
984 2644 1025 2685 ax
1046 2626 1116 2704 ipso
1137 2622 1239 2703 florip-

314 2713 400 2767 turae
423 2706 536 2783 ousta,
570 2726 609 2771 ex
635 2710 809 2787 argumenti
837 2708 947 2771 ordino
975 2706 1152 2787 astrigeros
1179 2707 1240 2769 fuit

314 2789 445 2855 urruns
457 2786 490 2872 2)
513 2788 602 2851 firma
617 2797 649 2853 et
660 2791 779 2855 stubilia
795 2793 960 2868 sententia„
978 2810 1073 2870 quam
1089 2790 1240 2851 adiuvant

315 2873 422 2953 optimi
458 2873 587 2953 quique,
621 2874 673 2952 qui
703 2894 775 2937 enm
807 2877 907 2955 ipsum
947 2874 1051 2936 loourn
1083 2875 1236 2953 integrum

315 2962 467 3020 enarrant.

396 3038 461 3099 lam
489 3057 563 3099 vero
592 3037 696 3119 vides,
721 3058 741 3098 a
767 3057 830 3118 qus
853 3047 941 3119 parta
970 3039 1184 3119 atontoopiss
1203 3038 1236 3099 S.

314 3121 437 3187 Petrum
447 3122 671 3197 instructiores,
693 3121 897 3198 anarrinon
918 3128 1004 3191 stant
1018 3123 1238 3202 quiintegrurn

314 3204 424 3267 looum'
444 3212 601 3284 enarrant,
629 3204 668 3267 ab
689 3205 784 3269 uarro
813 3207 864 3285 qui
893 3198 1046 3285 uteunque
1072 3206 1103 3267 in
1132 3204 1237 3267 alisno

313 3296 495 3369 argumento
524 3288 671 3350 Matthaei
702 3288 773 3351 loeo
801 3286 889 3351 abusi
917 3296 998 3351 sunt.
1039 3288 1080 3349 Et
1106 3288 1184 3349 hano
1211 3287 1238 3349 si

314 3370 389 3431 libet
408 3371 559 3433 oculatius
586 3370 707 3450 videre,
739 3389 847 3431 cernes
868 3374 900 3433 in
923 3372 1048 3435 dubium
1070 3372 1176 3437 sonari
1197 3370 1239 3433 ab

313 3454 388 3534 ipsis
419 3454 589 3519 autoribus.
631 3454 838 3534 Hieronymus
869 3457 1083 3536 angarians
1103 3453 1236 3535 quadam

315 3538 501 3600 seutentiam
521 3556 608 3618 susm
630 3544 796 3618 temporat,
823 3539 869 3601 sio
888 3541 1046 3619 inquiansr
1079 3539 1123 3601 nit
1144 3538 1237 3601 diois:

314 3619 413 3701 Super
434 3620 557 3684 Petrum
578 3620 721 3685 fundatur
743 3620 905 3699 saalesis,·
922 3622 1053 3688 liostid
1080 3623 1181 3701 ipsum
1204 3621 1236 3681 in

313 3703 375 3769 alio
388 3704 460 3772 looo
482 3723 576 3784 super
596 3722 705 3771 omues
727 3705 889 3784 spostolus
905 3705 974 3784 ιίίαί,
997 3713 1029 3767 at
1046 3706 1150 3771 orrnoti
1171 3703 1238 3767 ola·

313 3806 368 3848 ves
394 3788 482 3869 regni
495 3788 667 3849 ‘coelorum
695 3788 867 3868 aooipisnt,
900 3796 932 3850 et
959 3807 1120 3868 exaequo
1145 3806 1238 3869 super

386 4047 413 4109 1)
432 4046 463 4097 In
482 4045 525 4100 ed.
544 4023 618 4100 ient
639 4045 783 4100 Lutherus.
820 4048 852 4115 2)
873 4012 961 4101 ibide
975 4006 1107 4101 'liuthero
