3075 4775
514 549 915 633 ummspomrsrspao
1047 593 1054 599 -
1123 558 1185 625 303

256 755 367 829 potest
388 749 535 809 universa
554 747 712 827 Scriptura
731 748 821 823 dnoi,
840 755 878 811 ot
897 766 981 830 qnae
998 747 1116 829 ubique
1138 768 1186 809 aa·

259 834 395 911 ritatem,
419 830 632 909 humilitatem,
656 833 811 892 unitatem·
828 836 969 913 spiritus,
992 841 1024 894 et
1045 834 1185 893 timorem

257 914 523 976 Deioommendet
534 932 597 975 non
609 915 771 974 violandas
784 936 863 994 esse,
880 918 1010 996 proulla
1020 934 1057 975 re
1072 916 1185 991 mundi,

260 997 373 1059 nedum
396 1015 455 1079 pro
474 1000 639 1058 aniuauno
661 998 842 1078 pontificatu
864 1000 1069 1081 velprimatu,
1093 1000 1184 1063 edam

259 1083 285 1141 ei
300 1082 370 1143 soto
387 1083 456 1142 inre
470 1081 607 1141 hnmano
622 1088 706 1141 esset
717 1084 886 1145 institutus.
931 1084 976 1144 Et
987 1084 1047 1143 han
1063 1083 1184 1142 ratione

256 1172 294 1225 ut
315 1164 548 1243 mihi-videor,
576 1165 682 1244 ‘longe
714 1166 823 1225 metius
853 1166 1042 1227 stabiliretur
1062 1165 1182 1225 Roman

258 1247 418 1328 pontifiois
440 1248 635 1325 monarchia,
658 1250 683 1307 si
703 1248 896 1311 voluntatem
922 1249 979 1310 Dei
1003 1256 1034 1308 et
1056 1250 1183 1308 aonsem'

258 1350 329 1391 aum
353 1330 493 1391 fidetium
515 1348 579 1390 non
615 1338 733 1391 tautum
761 1331 891 1412 subditi,
930 1333 982 1392 sed
1007 1336 1039 1392 et
1059 1331 1180 1391 Roman

256 1413 423 1494 pontitioes
438 1414 601 1475 amandare
612 1421 643 1473 et
653 1416 966 1497 timereoogsrsntur,
989 1404 1184 1493 quemdum

202 1569 208 1581 ι
257 1497 344 1557 velut
362 1499 431 1558 iuro
451 1495 555 1557 divino
577 1504 719 1575 teneant,
740 1500 772 1557 vi
795 1510 826 1560 ot
836 1506 956 1560 terrore
978 1505 1184 1577 extorquent,-

252 1599 320 1641 -non
342 1582 401 1640 nisi
425 1581 531 1641 odium
553 1580 610 1641 sibi
633 1582 807 1641 attendunt
827 1584 858 1642 in
884 1582 1028 1659 subditis,
1052 1588 1083 1641 et
1104 1583 1185 1641 rosei

157 1742 158 1754 χ
257 1682 315 1743 per
336 1665 532 1725 securitatem
554 1666 585 1723 in
609 1664 803 1743 tyrannidem
825 1666 975 1746 paulatim
1000 1666 1184 1725 oontortant.

562 1829 614 1889 De
636 1830 880 1895 Posteriore.

157 2041 158 2052 ,
345 1980 440 2056 Quod
460 1981 662 2061 probationes
683 1983 845 2063 huontqus
868 1983 993 2045 habitae
1016 1983 1091 2043 nihil
1115 1985 1184 2057 siut,

157 2055 158 2072 ¹
260 2065 615 2145 tripliaiter-ostendam:
640 2068 750 2145 primo,
773 2066 1185 2147 Saripturasaddoatasdis1-·

261 2147 433 2226 solveud03
453 2148 602 2224 serundo,
623 2149 787 2209 Curionum
809 2170 864 2210 sen
882 2150 1092 2211 Dsaretulinm
1113 2150 1187 2211 irref-

251 2230 392 2375 -tidsaoem
415 2231 645 2311 probationem
669 2235 775 2312 tertio,
797 2235 935 2295 rationes
957 2233 1186 2295 robustissimus

256 2315 452 2378 adurendo.

261 2426 269 2457 ·.
312 2466 315 2472 ,
340 2398 389 2460 Ad
419 2401 550 2477 primum
587 2398 668 2460 duae
695 2406 767 2460 sunt
795 2403 977 2462 autoritates
999 2401 1184 2481 Soripturue,

262 2482 374 2561 quibus
410 2482 559 2542 oreditum
595 2490 645 2542 ost
665 2482 794 2543 stabiliri
824 2485 992 2564 primatum
1024 2486 1184 2546 Romanae

259 2565 425 2627 eeclesiae.
743 2577 751 2597 ¹

339 2648 460 2727 Primo,
475 2647 645 2708 ,adducitur
665 2649 720 2709 illa
740 2651 891 2712 autoritas
912 2650 1020 2714 Matth.
1046 2657 1102 2715 td:
1138 2653 1183 2712 Tu

257 2751 290 2792 es
313 2733 438 2808 Petrus,
467 2735 503 2792 ot
523 2751 617 2810 super
638 2732 719 2792 hana
739 2739 859 2812 petram
881 2733 1054 2796 aedifioabo
1081 2735 1183 2796 euola-

256 2817 335 2876 aiom
358 2833 471 2889 ursam,
491 2820 525 2875 ot
545 2814 600 2876 tibi
613 2815 693 2876 dabo
706 2815 810 2877 otavss
832 2819 918 2897 regni
942 2819 1100 2880 suetorum
1125 2825 1183 2878 eto,

257 2899 309 2958 Ex
328 2899 391 2959 hoo
412 2899 604 2958 enimtextn
632 2898 781 2982 clamant,
817 2901 939 2961 Petrum
974 2903 1074 2962 solum
1097 2919 1183 2961 aare·

258 2983 342 3062 pisse
365 2981 470 3042 stares
491 3001 566 3061 pras
589 2983 700 3042 ceteris
720 2983 883 3062 apostolis.

307 3114 369 3177 Sed
386 3104 478 3194 'quod
499 3113 578 3176 huso
599 3115 673 3176 nihil
700 3117 755 3192 [ad
778 3116 856 3202 hoc]
883 3120 1012 3196 faciant,
1034 3118 1143 3202 prob0.

340 3226 492 3312 Primum,
525 3232 608 3313 quod
630 3236 754 3314 ipsimet
776 3237 901 3298 inristae
923 3241 1071 3318 primatus
1094 3237 1183 3298 huius

261 3323 437 3378 assertores
459 3318 609 3378 recedunt
639 3318 678 3378 ab
700 3317 762 3380 hoo
785 3339 892 3392 sensu,
923 3330 955 3382 et
986 3327 1102 3400 negant
1123 3322 1185 3384 hou

257 3401 354 3462 verbo
377 3399 468 3460 Petro
484 3400 587 3461 dutum
612 3403 807 3481 primitatema
830 3409 1058 3482 consequenter
1079 3407 1183 3467 etRn-

259 3503 351 3546 muno
374 3482 532 3563 pontifici,
569 3485 649 3544 siout
677 3485 774 3564 gloss.
803 3489 833 3546 in
856 3507 882 3548 u.
906 3488 1182 3568 Considerandum,

258 3567 328 3629 dist
351 3569 409 3632 50:
440 3573 475 3628 et
495 3567 732 3628 Panormitanus
755 3569 795 3630 ds
819 3570 907 3632 eleut.
935 3589 960 3634 o.
985 3571 1181 3652 significasti,

258 3651 341 3711 unde
363 3650 483 3710 diount:
506 3649 578 3713 Non
593 3650 655 3711 hoa
676 3653 783 3729 verbo,
806 3653 859 3714 sed
875 3654 929 3714 illo
951 3655 1062 3717 verbo:
1085 3657 1182 3716 Panos

258 3753 334 3795 oues
376 3752 492 3809 means
521 3734 612 3794 Petro
656 3753 728 3796 ease
781 3737 924 3797 nodatum
966 3738 1180 3818 pontificatum

157 3845 159 3856 ·
259 3817 412 3878 eaalssiue

346 3900 380 3961 Si
411 3917 490 3980 ergo
518 3900 595 3979 ipsis
612 3901 739 3983 'iuristis
758 3901 842 3962 ⁴lieet
869 3922 984 3983 negare
1011 3911 1060 3964 tot·-
1082 3911 1183 3972 textos

183 4007 190 4014 ·
259 4001 424 4063 expressos
447 3982 658 4061 Deoretorum‚
682 3991 713 4044 et
735 3983 899 4045 dissentire
920 3987 1077 4064 omnibns,
1101 4007 1180 4066 quoe

257 4064 359 4129 distin.
385 4071 433 4131 17.
458 4066 506 4130 18.
531 4069 579 4136 19.
602 4069 652 4131 21.
674 4069 725 4130 22.
749 4074 811 4126 tam
841 4069 971 4148 eopiosa
993 4077 1027 4130 et
1044 4071 1176 4148 partina-
