3075 4775
342 528 413 596 ,436
584 529 633 586 ΠΙ.
668 529 773 584 &unio
792 530 827 584 ds
847 532 1021 586 musanus

340 736 447 778 -osrne
467 717 548 778 euim
570 717 715 795 vivimus,
752 735 832 797 quse
851 717 931 777 adeo
958 715 1020 776 alte
1047 715 1168 778 radiosa
1199 717 1272 796 egit,

351 807 469 862 utnon
491 801 646 881 possimus
673 800 727 860 illa
758 801 894 861 oantstia
919 797 1023 860 offiaia
1048 799 1186 880 perfecte
1206 799 1273 866 red·
1382 877 1383 886 ἵ

351 883 433 946 dere.

429 965 534 1044 Atque
555 985 625 1026 eam
647 966 689 1028 ob
708 985 833 1026 oausam
856 966 993 1038 Christus
1014 967 1077 1027 hoa
1096 960 1274 1026 ‘asaiamen-

351 1058 415 1111 tum
444 1050 593 1127 instituit,
625 1055 660 1110 nt
693 1053 776 1110 esset
803 1068 860 1111 oen
889 1048 1045 1129 quoddam
1080 1048 1273 1128 exercitium,

352 1132 433 1194 unde
459 1139 634 1212 peteremus
656 1151 709 1212 es,
741 1151 821 1212 quae
853 1133 913 1213 ipsi
941 1131 1031 1194 nobie
1058 1132 1171 1194 deesse
1204 1151 1274 1192 sem.

351 1219 452 1278 timus.
495 1215 573 1276 Cum
595 1219 676 1278 enim
698 1215 783 1276 iliam
813 1217 844 1276 in
867 1225 896 1276 te
924 1214 1132 1277 infirmitatem
1155 1215 1273 1291 videas,

353 1299 437 1379 quod
470 1318 586 1379 quaeso
618 1298 701 1359 eliud
730 1297 841 1360 afferes
874 1299 1042 1360 remedium
1073 1317 1164 1378 quam
1187 1297 1273 1358 hon?

352 1381 488 1444 Necesse
510 1388 557 1442 est
578 1385 675 1461 enim,
711 1389 745 1442 ut
765 1384 846 1443 inter
867 1383 985 1462 reliqna
1008 1382 1126 1444 dehoc
1145 1400 1273 1462 quoque

353 1466 568 1545 oonqueraria,
605 1471 637 1526 et
656 1464 757 1526 dions:
797 1465 885 1526 Bone
907 1465 1039 1528 Domine
1066 1466 1150 1543 Iesu,
1185 1465 1273 1526 vides

353 1556 499 1630 quantum
521 1547 595 1608 mihi
616 1547 717 1610 adhue
737 1548 827 1628 desit,
849 1555 881 1609 tu
905 1549 977 1610 mihi
999 1556 1029 1610 te
1042 1556 1139 1610 totum
1160 1547 1273 1627 donas,

352 1651 415 1694 uon
435 1651 561 1712 possum
583 1640 686 1693 autem
709 1650 769 1713 ego
792 1632 873 1693 idem
894 1632 995 1692 faeere
1024 1633 1166 1712 proximo
1189 1650 1273 1692 meo.

352 1716 414 1776 Fae
433 1715 533 1796 igitur,
555 1721 642 1776 utet
662 1734 722 1796 ego
737 1716 871 1776 similem
894 1735 968 1796 erga
983 1717 1156 1796 proximum
1179 1713 1274 1776 bene·
1382 1767 1383 1770 ,

352 1799 519 1860 volentiam
539 1805 696 1878 praestare
716 1801 844 1879 possim.
1382 1803 1383 1818 ³

435 1881 476 1942 Et
496 1901 589 1961 sane,
621 1901 811 1962 quenquam,
846 1882 917 1942 dum
950 1883 982 1942 in
1004 1882 1064 1942 hae
1085 1899 1179 1942 earne
1199 1883 1275 1942 vivi·
1382 1951 1383 1956 γ

354 1985 435 2044 mua,
473 1983 628 2046 nunqnam
650 1965 736 2026 iliam
769 1965 991 2045 perfectionem
1012 1977 1176 2045 possumus
1199 1983 1275 2024 oon·
1382 1971 1383 2048 J

353 2050 456 2128 sequi,
486 2055 588 2110 tamen
610 2067 649 2110 eo
671 2055 720 2109 est
739 2047 979 2128 connitendum,
1011 2049 1068 2109 etsi
1090 2047 1166 2108 nihii
1189 2047 1274 2109 aliud

353 2151 423 2192 oum
443 2133 559 2211 gemitu
582 2151 621 2191 ea
640 2131 828 2211 postulanda
849 2151 868 2192 a
889 2132 956 2193 Deo
979 2131 1108 2192 facultas
1131 2138 1193 2209 eet,
1222 2151 1273 2191 ns-

353 2233 414 2292 que
428 2213 657 2293 desperandum
679 2222 728 2276 est
749 2215 790 2276 ob
812 2215 891 2276 hano
902 2213 1153 2294 imbecillitatem,
1178 2214 1274 2275 modo
1382 2225 1383 2276 3

353 2303 512 2357 remanent
531 2299 562 2357 in
584 2296 674 2358 nobis
697 2299 723 2358 is
744 2297 889 2379 effeetus,
926 2306 960 2358 ut
992 2306 1023 2358 et
1044 2297 1149 2359 doleat
1183 2297 1275 2358 nobis

352 2380 407 2443 ilia
429 2389 537 2441 nostra
558 2378 728 2460 infirmitas,
749 2390 781 2444 et
804 2383 962 2463 sapiemus
985 2402 1054 2443 eam
1072 2388 1222 2442 mutatam
1245 2390 1277 2442 et
1382 2379 1383 2421 ἒ

298 2514 304 2524 ,
352 2464 559 2527 emendatam.

435 2546 531 2608 Porro
554 2568 616 2609 non
638 2556 687 2611 est
707 2549 768 2610 hoa
790 2549 947 2609 minimum
970 2549 1104 2609 ueritatis
1128 2547 1275 2628 officium,

355 2650 450 2711 posse
482 2630 593 2693 sedere
627 2632 667 2692 de
693 2652 750 2693 sua
772 2633 918 2712 opinione
941 2638 973 2691 et
993 2632 1274 2696 sententiaanimo

354 2722 516 2794 ooneepta.
559 2716 638 2776 Nam
659 2715 821 2778 sublevare
843 2714 968 2775 alterius
990 2716 1145 2795 inopiam,
1175 2722 1276 2777 exter-

354 2800 402 2858 nis
426 2796 535 2859 offioiis
560 2800 589 2859 ei
610 2796 776 2877 inservire,
809 2804 916 2859 nostro
939 2797 1046 2860 labore
1066 2818 1135 2859 eum
1158 2799 1276 2878 iuvare,

353 2881 481 2959 docere,
518 2883 591 2943 item
614 2902 670 2962 pro
693 2900 732 2943 eo
755 2901 859 2961 orare,
896 2881 977 2942 hsud
1006 2884 1049 2942 ita
1070 2880 1195 2943 diffioile
1217 2888 1275 2945 est
1382 2920 1383 2965 3

353 2965 431 3026 Sunt
461 2971 494 3025 et
519 2964 573 3025 illa
604 2964 721 3042 facilia,
758 2966 891 3026 invisere
917 2972 1079 3046 aegrotos,
1117 2965 1274 3028 noneolari

352 3049 560 3126 salamitosoa,
581 3048 656 3109 dare
677 3048 777 3111 eibum
800 3048 1013 3129 esurientibus,
1037 3050 1177 3131 eaptivos
1199 3050 1273 3109 item

352 3132 492 3193 liberare.
534 3132 604 3193 Hos
622 3133 718 3213 longe
739 3134 876 3193 omnium
898 3138 946 3192 eat
968 3134 1150 3210 maximum,
1179 3150 1274 3211 posse

352 3215 463 3276 sedere
485 3214 525 3275 de
546 3234 603 3276 ans
625 3217 787 3295 opinione,
821 3224 852 3276 et
872 3216 951 3276 ferre
973 3216 1097 3277 alterius
1115 3214 1273 3276 infirmita

352 3305 416 3359 tem
450 3296 548 3381 (siout
568 3299 665 3359 Poeta
693 3317 817 3379 quoque
843 3300 899 3360 ait:
933 3298 1050 3359 Aurum
1084 3305 1115 3359 et
1143 3318 1223 3379 opes
1244 3305 1276 3359 et
1382 3302 1383 3333 ³

295 3442 326 3460 ,—
354 3401 429 3441 vasa
459 3383 602 3463 frequens
636 3382 765 3443 donavit
786 3384 919 3461 amisus,
956 3381 1015 3457 Qui
1037 3382 1110 3445 velit
1145 3383 1273 3464 ingenio

353 3464 464 3525 sedere
484 3466 585 3527 nullus
606 3466 692 3548 erit.)

436 3548 544 3629 Neque
566 3550 657 3610 etiam
681 3568 832 3629 nuquam,
861 3549 932 3609 dum
955 3550 1005 3609 hio
1018 3549 1171 3627 sivimus,
1205 3568 1275 3627 per·
1382 3608 1383 3627 ,

353 3633 433 3692 iente
453 3631 485 3691 id
507 3634 691 3711 poterimus,
722 3632 859 3693 Christus
882 3634 964 3693 enim
985 3651 1024 3693 ea
1045 3633 1075 3693 in
1097 3639 1186 3713 parte
1206 3650 1276 3712 per-

354 3716 450 3776 seotns
473 3715 543 3794 fuit,
577 3736 635 3777 nos
663 3736 818 3796 nunquam
847 3716 982 3797 perfecte
1010 3714 1092 3775 idem
1112 3715 1272 3777 fseiemus.

354 3800 410 3859 [iat
431 3800 513 3859 enim
535 3798 672 3860 Christus
700 3818 757 3861 oen
785 3800 849 3877 sol,
888 3800 919 3859 in
953 3816 1014 3880 quo
1036 3798 1153 3860 nullum
1183 3798 1275 3859 nobis

354 3884 515 3963 vestigium
537 3890 683 3962 apparet,
704 3882 744 3942 ad
764 3901 856 3962 quem
877 3902 936 3943 nos
958 3882 1070 3955 eollati,
1085 3901 1193 3943 sumus
1216 3898 1272 3942 oen
1376 3931 1383 3951 ,

353 3984 485 4025 sooensa
517 3963 668 4045 quaedam
690 3967 813 4047 stipula.
856 3963 1039 4045 Quanquam
1062 3973 1164 4026 autem
1185 3952 1273 4026 iliam
1382 3988 1383 4003 ι

353 4049 576 4129 perfeetiouem
604 4050 754 4128 osmtatia,
793 4068 872 4129 quae
904 4051 935 4110 in
964 4048 1085 4111 Christo
1114 4056 1175 4127 est,
1215 4068 1274 4109 nos
1382 4050 1383 4093 i
