3075 4775
331 532 396 599 334
580 535 673 591 aaut
693 537 722 610 l.t
740 550 828 606 super
845 536 1038 605 inpositione

413 722 621 785 Saurannata
641 724 783 786 Romana
808 724 941 785 euulssiu
965 726 1055 805 (quia
1083 725 1252 786 aliusnon

329 815 465 883 nudae,
487 815 541 867 aut
561 816 871 885 saerosanetaesunl,
893 810 984 868 etiam
1007 812 1032 869 si
1047 810 1156 869 eadam
1178 808 1250 887 lide,

329 890 435 968 verbu,
457 899 662 971 sauramento,
685 893 802 972 spiritu,
824 908 1010 971 prorsusque
1033 892 1141 952 eadem
1163 906 1251 953 sanu-

328 976 416 1034 litate
437 974 686 1057 sanotilioentur)
710 994 773 1035 nun
796 974 835 1035 ab
857 976 1018 1054 apostulis,
1041 976 1096 1035 sed
1117 976 1157 1036 ab
1179 977 1249 1056 ipso

328 1058 463 1118 Domino
492 1066 524 1118 et
551 1059 713 1119 Salvatnrs
740 1060 904 1139 primatum
932 1056 1080 1138 oblinuit,
1114 1060 1193 1120 siunt
1215 1059 1249 1119 B.

328 1140 420 1200 Petro
443 1139 534 1200 dicit:
557 1143 603 1201 Tu
626 1162 660 1202 es
681 1142 789 1201 Petrus
811 1150 870 1202 eta.

411 1223 444 1283 Si
466 1224 578 1303 aliquia
606 1226 766 1305 gentilium
797 1227 842 1284 sie
873 1227 987 1305 exponi
1019 1224 1113 1285 verbu
1136 1224 1249 1285 Christi

326 1306 462 1383 audiret,
495 1308 620 1386 quando
641 1309 833 1369 Christianus
867 1307 985 1368 fiaret‘l·
1011 1309 1105 1388 Igitur
1140 1316 1170 1367 et
1199 1308 1251 1367 hia

227 1437 232 1446 ,
328 1393 492 1471 primatum
514 1393 659 1472 intelligit
678 1411 735 1471 per
755 1392 901 1452 verbum:
924 1391 970 1451 'I'u
991 1410 1024 1451 ea
1048 1393 1169 1468 Petrus,
1193 1408 1249 1451 seu

329 1475 488 1554 perhanc
509 1482 639 1553 petram.
682 1476 808 1556 Eligant
821 1482 923 1535 autem
945 1467 1116 1549 (utiterum
1140 1473 1249 1534 eadem

328 1565 497 1638 repetam),
519 1566 618 1617 utrum
642 1559 803 1619 voluerint.
848 1559 938 1618 Petra
952 1558 1092 1619 liuelouo
1116 1564 1169 1617 aut
1190 1558 1249 1638 sig-

327 1640 433 1699 nillual
453 1639 546 1699 fldem
562 1641 702 1721 Spiritus,
724 1651 778 1701 aut
792 1644 955 1721 primatum
970 1642 1115 1719 exterius,
1136 1648 1249 1701 utrum-

328 1741 390 1802 que
411 1725 494 1782 enim
515 1726 606 1784 simul
626 1727 735 1805 nequit
752 1724 940 1805 signifieare.

410 1809 443 1868 Si
464 1806 567 1886 fidem,
588 1809 649 1868 iam
673 1826 781 1869 omues
796 1808 947 1868 ecelesiae
969 1827 1062 1887 super
1083 1826 1151 1867 saun
1176 1814 1247 1867 sunt
1330 1820 1337 1833 '

262 1892 265 1899 '
327 1890 524 1969 aedificatae,
549 1893 620 1971 quia
638 1892 776 1952 Christus
798 1892 887 1951 dicit:
910 1891 1009 1971 Super
1029 1890 1110 1950 haue
1130 1898 1249 1970 petram

327 1974 499 2035 aeditiuabo
521 1977 685 2049 ecelesiam
708 1994 818 2038 meam.
861 1974 945 2055 Ergo
975 1976 1147 2053 euiannque
1178 1992 1248 2034 eon-

326 2060 412 2117 veuit
431 2056 490 2117 diui
513 2078 533 2117 a
554 2058 691 2119 Christo:
714 2059 857 2118 Eeelesia
872 2075 952 2135 urea,
974 2057 1159 2118 adeundam
1182 2075 1249 2137 per*-

327 2142 406 2200 tiuet
429 2147 518 2219 petra
547 2148 721 2221 alpetrus,
745 2160 950 2221 superquam
973 2140 1162 2202 aedificatur.
1204 2142 1250 2200 lta

328 2224 403 2283 nihil
425 2226 581 2303 proprium
603 2226 746 2285 Romana
766 2226 900 2285 ecelesia
922 2224 1030 2302 habet,
1066 2225 1122 2284 sed
1146 2225 1251 2285 omnia

328 2314 400 2366 suut
421 2310 607 2387 eommunia,
631 2310 702 2388 quia
724 2310 775 2369 ubi
790 2308 906 2372 eadem
928 2306 1016 2387 tides,
1038 2307 1147 2381 eadem
1170 2326 1250 2389 quo—

329 2407 390 2470 que
409 2399 549 2470 potestas
572 2393 719 2470 clavium,
754 2393 826 2453 fidei
857 2394 938 2452 enim
971 2400 1002 2452 et
1029 2400 1136 2471 petrae
1158 2392 1251 2452 dutus

328 2483 399 2534 suut
420 2475 525 2534 slaves
547 2484 580 2535 ut
613 2486 707 2555 patet.
752 2476 784 2537 Si
819 2482 1021 2555 potestatem,
1054 2477 1115 2534 iani
1139 2477 1249 2535 ilerum

328 2576 437 2618 ornnes
470 2567 540 2618 aunt
578 2561 725 2638 aequales
761 2560 927 2636 ecelesiae,
966 2561 1037 2639 qnia
1077 2560 1251 2638 unicunque

216 2701 221 2710 ,
330 2640 442 2701 dieitur
463 2641 632 2703 aOhriata:
655 2643 796 2703 Eeeleaiu
809 2661 887 2721 mea,
910 2643 999 2702 simul
1012 2642 1134 2702 dicitur:
1158 2641 1251 2702 Aedi·

327 2723 428 2806 liupbo
451 2734 482 2784 te
502 2744 595 2805 supra
617 2736 746 2808 petram,
768 2726 800 2786 id
823 2733 884 2804 est,
906 2733 1104 2806 potestatem.
1148 2723 1250 2800 Quare

328 2807 484 2886 quaelibet
511 2809 645 2869 eeclesia
677 2810 738 2871 hoe
764 2809 858 2870 verbo
896 2811 953 2870 erit
980 2811 1116 2870 oninium
1139 2811 1250 2889 primu,

328 2893 401 2971 quia
421 2892 514 2951 habet
547 2893 676 2953 eundern
693 2901 828 2973 petram,
861 2911 922 2972 qua
943 2893 1084 2953 Romana
1116 2892 1249 2952 eeclesia

327 2975 477 3056 gloriatur
497 2993 567 3036 asse
589 2995 623 3036 se
637 2979 777 3056 primam.
825 2977 870 3037 lta
892 2975 1057 3056 quoqu02)
1081 2982 1112 3036 te
1135 2986 1250 3054 vertas,

328 3077 450 3138 semper
472 3061 604 3119 occurrit
624 3069 656 3120 et
676 3063 793 3121 resistit
813 3060 867 3120 tibi
890 3061 1035 3139 Christus,
1058 3059 1130 3119 dum
1154 3059 1250 3125 eunie-

300 3154 305 3160 “
327 3143 402 3202 aiam
421 3155 507 3201 auaui
530 3163 622 3224 supra
643 3143 802 3224 petram²)
830 3143 987 3222 aediflsat,
1019 3161 1078 3204 nee
1100 3144 1173 3202 sinit
1195 3143 1250 3202 ulli

327 3225 503 3306 particulari
528 3229 684 3289 ecelesiae
705 3228 787 3288 hane
808 3237 926 3309 petram
949 3228 1152 3308 appropriari,
1175 3225 1247 3285 ideu

326 3327 386 3368 neu
407 3309 539 3371 Petrum.

411 3393 504 3453 Vides
544 3415 638 3476 erga,
678 3396 761 3474 quod
795 3398 916 3458 uniuum
950 3395 1025 3456 illud
1065 3408 1250 3474 pronomen,

326 3475 444 3553 Meam,
479 3486 624 3558 tanquam
660 3480 821 3558 crystallus
852 3480 1014 3556 eoelestis,
1049 3495 1158 3538 omnes
1192 3477 1249 3538 haa

327 3558 506 3620 Dearetales
527 3561 699 3642 infrigidat,
735 3570 769 3623 ut
798 3571 870 3626 ante
894 3565 1003 3623 faeiem
1032 3562 1157 3641 frigoris
1183 3562 1249 3620 eius

318 3642 412 3702 ‘nulla
425 3645 575 3706 sustinere
587 3649 697 3727 possit,
719 3648 792 3708 dum
806 3667 1000 3709 communem
1014 3653 1144 3725 petram,
1166 3661 1250 3705 eom·

326 3746 450 3788 munem
471 3738 674 3811 potestatem,
705 3751 887 3794 eommunes
908 3733 1027 3808 eleves,
1051 3746 1250 3790 communem

317 4037 319 4045 ι
362 4006 393 4067 1)
416 4008 444 4058 ln
465 4005 508 4058 ed.
527 4002 605 4058 len:
635 4021 817 4074 quocunque,
838 4013 865 4060 et
882 4009 911 4059 iu
931 4005 973 4060 ed.
992 4008 1101 4074 priore:
1134 4021 1249 4078 quoquo

315 4083 418 4158 -vertas
436 4084 479 4129 ta·
508 4076 538 4140 3)
557 4076 588 4126 ln
607 4076 671 4130 edit.
691 4080 799 4145 priore:
818 4093 902 4148 super
921 4084 1038 4148 petrum.
