3075 4775
351 545 419 614 300
594 550 688 605 Βοιώ.
708 550 736 605 ι
755 564 840 619 super
859 550 1053 619 Propositione

352 743 485 819 putare:
505 738 588 817 quod
610 744 712 799 umen
733 739 767 797 in
786 737 928 799 omnihus
944 738 1164 799 stiamdivinis
1188 737 1281 799 relius

355 820 468 918 (modo
498 822 662 901 primatum
684 822 766 882 hunc
787 840 849 882 non
873 824 1053 902 tangerent)
1078 822 1282 883 libentissime
1384 838 1385 915 l

353 912 563 984 permiserunt.
1079 924 1084 933 ·

438 987 555 1049 Omitto
587 990 691 1069 itaque
717 988 885 1047 Ennianum
920 990 1176 1069 propositionem.
1219 988 1282 1047 Pri·
1384 974 1385 983 ¹

353 1088 446 1149 mum,
468 1071 551 1151 quod
565 1091 644 1150 eam,
666 1070 740 1148 ull)
764 1069 917 1131 invidiose
940 1079 971 1132 et
984 1070 1114 1132 subdole
1136 1072 1282 1151 positam,

352 1154 428 1216 mihi
464 1173 527 1214 non
568 1174 680 1235 capere
710 1154 828 1215 videor.
877 1153 956 1214 Nam
988 1156 1054 1215 sine
1090 1154 1156 1214 ulla
1187 1172 1282 1215 causa
1384 1176 1385 1185 ¹

354 1238 434 1298 hanc
462 1239 494 1297 in
528 1238 653 1318 publico
683 1238 757 1297 mihi
786 1236 931 1299 iuvidiam
954 1239 1066 1316 movit,
1102 1256 1171 1297 cum
1186 1238 1282 1297 ‘hanc

355 1322 513 1392 materiam
536 1323 567 1380 in
590 1321 675 1381 nullo
698 1340 835 1382 meorum
859 1319 1010 1380 dictorum
1034 1322 1203 1397 tractarim,
1225 1320 1281 1380 ssd

354 1404 496 1465 adulator
516 1423 572 1464 sua
595 1406 761 1483 quaesivit,
794 1402 888 1464 etiam
918 1422 986 1463 cum
1016 1404 1114 1463 fratris
1138 1406 1184 1464 sui
1213 1422 1283 1483 per·

354 1489 444 1549 nicia.
488 1487 616 1564 Deinde,
641 1486 723 1566 quad
746 1487 840 1547 homo
864 1488 966 1547 suavis
988 1488 1134 1547 vicarium
1160 1486 1281 1547 Christi

355 1577 388 1629 at
409 1570 489 1630 Petri
512 1588 723 1630 successorem
745 1588 808 1629 nou
831 1571 954 1647 asserit,
976 1570 1034 1631 nisi
1057 1569 1206 1630 attidem
1228 1570 1280 1630 ha·

355 1653 437 1714 beat.
484 1655 513 1712 ln
536 1672 597 1733 quo
620 1660 673 1713 aut
683 1654 807 1729 insanit,
829 1659 882 1713 aut
903 1653 1018 1714 multos
1040 1650 1204 1735 pontifices
1215 1654 1278 1713 Ro-

356 1754 464 1795 manos
487 1743 581 1817 negat
602 1738 733 1797 vicarios
756 1736 869 1796 Christi
891 1734 1006 1812 titisse,
1032 1742 1063 1796 et
1083 1736 1150 1797 fore
1172 1754 1281 1815 posse,

355 1825 387 1878 ut
410 1836 487 1898 quos
510 1818 602 1880 iidem
615 1819 761 1880 hahuisse
774 1820 960 1897 nesciamus,
982 1827 1083 1899 atqua,
1108 1819 1191 1898 quod
1217 1832 1306 1879 om·'

356 1903 438 1961 nium
460 1902 776 1964 intolerabilissimum
810 1908 871 1981 est,
902 1903 1050 1963 Romanis
1082 1900 1280 1982 pontificibus

354 1986 518 2047 sanctitate
552 1993 584 2046 et
610 1988 726 2065 pietate
747 1987 933 2045 necessariis
955 2004 1010 2066 eos
1045 1991 1171 2063 onerat,
1213 2004 1279 2045 oum

358 2067 438 2147 apud
462 2087 520 2129 uos
541 2075 624 2129 ratus
655 2070 693 2129 sit
716 2070 808 2129 etiam
832 2070 897 2127 eius
919 2070 1082 2129 vicariatus
1105 2073 1136 2128 et
1151 2066 1280 2148 pontili-

358 2153 454 2222 catua
475 2152 527 2229 qui
549 2152 615 2211 sine
636 2150 698 2212 lide
723 2158 753 2213 et
774 2153 936 2212 sanctitate
959 2152 1005 2211 sit

443 2232 504 2293 sed
528 2253 596 2313 age,
618 2233 771 2300 lubricam
788 2235 869 2294 hanc
889 2234 1055 2314 anguillam
1079 2232 1230 2313 differam,
1253 2237 1283 2295 et

246 2321 250 2332 “
327 2328 332 2349 ‘
357 2316 893 2398 duoiumeapropositionefaciam.
915 2316 1281 2379 Primoaddueamfirma-

165 4101 170 4110 =
248 4097 253 4103 ·
359 4079 522 4135 videmnus

358 2405 479 2472 menta,
505 2400 614 2479 quibus
635 2403 782 2480 primatus
803 2403 862 2462 iste
884 2401 1012 2462 stabiliri
1035 2401 1167 2461 fideliter
1188 2419 1282 2482 posse

306 2475 312 2487 ‘
359 2483 431 2542 mihi
454 2483 607 2561 videatur,
641 2486 686 2544 ita
716 2490 750 2545 ut
771 2503 826 2564 per
854 2488 923 2565 ipsa
945 2486 1037 2568 etiam
1060 2485 1225 2544 haereticis
1249 2492 1280 2544 et

357 2566 558 2626 schismaticis
580 2567 747 2628 efficaciter
764 2568 864 2628 resisti
877 2563 985 2646 poss'it.
1030 2567 1150 2627 Deinde
1174 2573 1278 2628 osten-

356 2649 444 2725 dam,
484 2651 565 2728 quod
594 2651 670 2712 nihil
697 2651 811 2710 faciant
840 2651 972 2710 Decreta
1004 2659 1036 2710 et
1065 2650 1279 2730 probationes,

357 2733 465 2812 quibus
487 2734 646 2813 hucusque
668 2736 731 2793 nixi
748 2733 879 2811 iaciunt,
902 2735 952 2812 qui
966 2731 1096 2794 eundem
1111 2735 1278 2812 primatum

358 2823 538 2877 statuerunt.

640 2933 693 2999 De
716 2935 851 3013 priore
873 2921 995 3014 prius.

441 3052 583 3132 Primum,
605 3052 688 3131 quod
709 3072 759 3113 me
776 3060 890 3130 movet,
912 3051 1085 3112 Romanum
1100 3049 1281 3129 pontificem

359 3153 429 3194 esse
450 3135 517 3194 aliis
540 3135 691 3211 omnihus,
715 3154 793 3214 quos
816 3134 925 3196 saltem
940 3135 1123 3196 ,noverimus
1147 3151 1181 3192 se
1204 3153 1279 3212 pon-

360 3215 457 3277 titices
479 3237 605 3298 gerere,
634 3221 843 3297 superiorem,
878 3225 925 3278 est
951 3219 1020 3296 ipsa
1042 3216 1187 3277 volontas
1210 3217 1280 3287 Dei,

358 3318 450 3377 quam
480 3302 509 3360 iu
540 3303 610 3380 ipso
641 3301 724 3362 lacto
746 3301 948 3366 videmus2l.
970 3299 1082 3378 Neque
1111 3299 1192 3359 euim
1214 3301 1282 3359 sine

320 3385 326 3392 '
358 3380 519 3443 voluntate
539 3385 596 3444 Dei
615 3387 648 3445 iu
678 3384 759 3445 hauc
786 3384 992 3445 monarchiam
1018 3401 1151 3462 unquam
1176 3384 1283 3442 venire

359 3466 679 3544 potuissetRomanua
702 3468 853 3548 pontifex.
896 3462 939 3527 At
959 3466 1102 3526 voluntas
1118 3466 1186 3541 Dei,
1210 3484 1284 3544 quo-

357 3565 420 3627 quo
444 3549 537 3611 modo
561 3559 636 3612 uota
658 3552 767 3628 tuerit,
796 3570 865 3611 cum
887 3550 1063 3612 reverentia
1085 3548 1284 3628 suscipienda

359 3638 415 3691 est.
458 3631 597 3712 Ideoque
628 3654 690 3695 nou
720 3634 793 3695 licet
827 3641 942 3694 temere
963 3633 1105 3694 Romam
1138 3630 1278 3710 pontifici

298 3783 302 3789 -
358 3716 389 3774 iu
413 3734 469 3775 suo
494 3718 625 3795 primatu
647 3719 800 3778 resistere.

442 3799 527 3860 Haec
543 3806 645 3859 autem
667 3801 747 3860 ratio
769 3805 855 3859 tanta
877 3807 939 3874 est,
963 3805 1010 3874 ut,
1028 3797 1055 3855 si
1080 3797 1172 3856 ctiam
1196 3796 1281 3857 uuila

363 3905 380 3912 ν
397 3938 429 3992 1l
451 3937 481 3986 ln
501 3934 542 3985 ed.
563 3937 671 3999 priore:
691 3917 969 4001 Espropositionem,
991 3937 1074 4000 quam
1095 3940 1123 3982 ut
1142 3920 1283 3986 invidiose

362 4015 389 4060 st
409 4005 527 4061 subdole
545 4006 664 4072 positam
690 4020 799 4058 menon
815 4018 912 4072 capere
931 4005 1027 4056 iateon
1047 4003 1079 4070 2)
1102 4003 1130 4056 ln
1152 4004 1283 4058 adden:
