3075 4775
549 583 566 619 a
583 563 706 622 Notariis
723 571 848 636 excepta.
1097 560 1162 629 211

323 749 512 830 Respondso
534 757 565 812 et
592 751 661 812 (lieo
684 751 766 829 duo,
803 751 933 831 primum
962 769 1014 812 me
1041 753 1162 812 nescire

235 835 390 913 usquein
411 833 593 895 hodiernum
616 835 709 913 diem,
732 853 771 894 an
794 835 944 895 coartatio
966 835 1053 895 istius
1074 836 1160 895 iuris-

235 916 383 1000 dictionis
411 916 518 979 feeerit
548 918 626 998 hoo,
661 917 743 997 quod
772 917 1000 998 praetenditur,
1033 919 1161 998 seilicet,

234 1001 399 1060 eriminum
422 999 671 1082 detestationem,
694 1009 726 1062 et
747 1000 937 1062 confusionis
960 1001 1158 1062 ablationem.

235 1083 306 1144 Hos
329 1089 446 1158 eertum
460 1092 507 1146 est
527 1085 622 1166 longe
638 1086 737 1149 secius
761 1086 917 1164 evenisse,
939 1103 1011 1144 nam
1032 1091 1162 1164 peecata

236 1167 431 1228 orassissima
452 1169 545 1230 stiam
558 1168 696 1230 ridentur
717 1171 748 1228 in
766 1169 933 1230 maioribus
957 1169 1058 1247 ouriis,
1082 1187 1161 1248 quas

236 1253 268 1311 in
295 1251 429 1332 propriis
463 1252 619 1332 paroobiis
654 1259 784 1334 possent
815 1253 1020 1332 pulcherrime
1047 1253 1161 1332 puniri,

236 1336 263 1394 si
285 1340 426 1394 servatus
441 1343 524 1397 esset
541 1335 662 1416 modus,
684 1355 777 1416 quem
796 1337 994 1396 instituerunt
1012 1335 1161 1416 apostoli,

236 1425 270 1478 et
291 1427 494 1479 servaverunt
517 1417 546 1480 S.
570 1419 676 1479 Patres
699 1436 798 1498 usque
820 1425 892 1500 post
912 1418 1064 1479 Nieenum
1087 1435 1161 1478 oon·

237 1501 356 1581 uilium,
392 1501 443 1563 ubi
465 1501 623 1563 definitum
646 1509 709 1582 est,
732 1509 763 1562 et
784 1503 880 1582 longe
901 1509 974 1582 post
995 1508 1161 1580 servatum,

237 1592 271 1645 ut
297 1584 460 1646 dioeceses
488 1604 566 1646 nou·
581 1587 855 1666 permisoerentur,
891 1592 922 1646 et
951 1587 1162 1665 unusquisque
1252 1650 1260 1664 ,
1371 1578 1372 1591 ’

237 1669 414 1748 poeniteret
424 1670 456 1729 iu
478 1688 534 1729 sua
555 1668 701 1730 dioecesi.
724 1670 772 1730 De
794 1688 855 1749 quo
878 1675 980 1730 exstat
1002 1683 1071 1729 oum
1093 1669 1161 1728 aliis

235 1739 484 1832 praeclarissima
516 1754 649 1832 epistola
671 1752 817 1834 Cypriani
838 1753 878 1813 ad
901 1753 1077 1813 Cornelium
1098 1753 1162 1812 Ro-

236 1853 363 1896 manurn
384 1833 566 1896 Pontificem
587 1835 639 1902 Ill.
734 1839 744 1875 ’-
1019 1864 1022 1872 f

319 1917 490 1978 Nemeum
513 1925 660 1979 statutum
682 1919 724 1978 sit
753 1918 792 1980 ab
814 1917 956 1978 omnibus
985 1918 1094 1996 nobis,
1131 1925 1163 1978 et

235 2019 371 2081 aequum
393 2003 433 2063 sit
443 2004 557 2082 pariter
573 2009 604 2063 et
621 2004 744 2080 iustum,
767 2008 801 2061 ut
818 2003 1055 2080 uniuscuiusque
1068 2019 1162 2062 eausa

234 2085 299 2146 illio
321 2085 479 2164 audiatur,
502 2086 553 2146 ubi
575 2093 622 2146 est
641 2087 757 2146 arimen
779 2085 957 2165 admissum,
980 2092 1013 2145 et
1032 2085 1162 2166 singulis

235 2169 416 2248 pastoribus
437 2170 540 2250 portio
566 2170 668 2250 gregis
697 2171 740 2229 sit*
757 2169 928 2249 adscripta,
961 2187 1052 2247 quam
1074 2175 1163 2250 regat

235 2250 448 2332 unusquisque
469 2259 501 2312 et
513 2252 673 2333 gubernet,
695 2253 846 2313 rationem
860 2253 907 2312 sui
929 2262 1015 2312 satus
1027 2252 1162 2312 Domino

235 2334 427 2414 redditurus,
463 2341 586 2417 oportet
608 2337 712 2417 utique
735 2355 807 2415 eos,
841 2337 948 2415 quibus
969 2347 1163 2417 praesumus,

239 2437 303 2479 non
333 2420 590 2501 eiroumaursare,
628 2439 687 2481 neo
714 2422 933 2501 episcoporum
961 2420 1160 2481 concordiam

237 2502 457 2564 cohaerentem
479 2523 535 2563 sua
556 2502 688 2565 subdola
711 2516 741 2564 et
760 2504 865 2564 ‘fallaci
895 2505 1068 2565 temeritate
1089 2522 1162 2564 eom

237 2584 345 2664 fidere,
367 2586 432 2647 sed‘
446 2606 539 2668 agere
561 2587 626 2649 illio
643 2606 766 2648 oausam
794 2606 890 2665 suam,
913 2587 964 2647 ubi
986 2594 1018 2647 et
1038 2604 1164 2647 aoeusas

237 2678 320 2731 tores
344 2669 459 2732 babere
482 2678 513 2730 et
535 2677 629 2733 testes
646 2672 694 2730 sui
717 2671 854 2731 oriminis
877 2672 998 2750 possint
1020 2676 1078 2733 eto.

322 2752 471 2832 Loquitur
481 2754 563 2820 enim
587 2754 625 2814 de
637 2755 684 2832 iis,
707 2748 759 2834 dui
771 2756 803 2813 in
814 2753 918 2813 Africa
940 2758 1158 2833 peceaverunt,

236 2844 267 2897 et
286 2836 331 2897 ad
353 2836 527 2898 Romanum
548 2836 728 2899 Pontifioem
751 2836 929 2897 Cornelium
951 2842 1160 2905 ouourrerant,

236 2920 276 2980 Et
299 2921 346 2981 sie
366 2927 452 3001 patet
485 2918 559 2980 usus'
585 2921 758 3001 primitivae
781 2920 933 2981 ecelesiae
967 2919 1006 2980 de
1027 2918 1159 3001 ligandis

235 3010 267 3067 st
289 3003 449 3065 solvendis
471 3004 695 3084 peecatoribus.
1126 3044 1129 3054 ·

319 3086 396 3147 Cum
418 3094 537 3165 autem,
571 3096 603 3147 ut
625 3088 795 3169 Apostolus
831 3087 898 3150 Aet.
932 3082 982 3150 20.
1012 3084 1161 3163 ostendit,

234 3170 319 3231 idem
343 3172 383 3231 sit
405 3172 569 3252 episeopus
593 3178 624 3231 et
634 3170 805 3253 presbyter,
827 3179 858 3231 et
879 3169 919 3230 ad
934 3171 993 3231 Tit.
1018 3174 1045 3233 l.
1068 3188 1160 3249 quae·

236 3254 313 3315 libet
336 3254 444 3315 civitas
479 3272 568 3313 suum
590 3256 772 3335 episeopum
804 3254 919 3315 habere
952 3253 1066 3314 debeat
1095 3254 1161 3313 iure

236 3337 361 3415 divino,
398 3338 492 3419 louge
521 3338 624 3399 utilior
637 3344 730 3399 'esset
751 3338 791 3399 ad
813 3336 1009 3418 corripienda
1030 3343 1160 3417 peooata

236 3420 359 3500 modus,
384 3422 409 3480 si
432 3421 560 3500 quilibet
580 3420 726 3483 sacerdos
749 3424 780 3481 in
803 3433 858 3483 sua
879 3421 1028 3503 parochia
1050 3419 1161 3501 ligaret

236 3511 269 3565 et
290 3504 427 3566 solveret
448 3506 669 3585 poenitentem.
715 3505 806 3580 Quod
818 3506 993 3586 exemplum
1010 3510 1160 3565 monstra

236 3588 281 3649 vit
303 3587 493 3668 Apostolus,
532 3593 560 3651 l.
583 3586 723 3651 Corinth.
747 3592 781 3668 5,
814 3588 866 3648 ubi
900 3608 968 3648 eum
991 3582 1159 3649 Gomnthiis

235 3690 387 3753 praesens
410 3673 517 3751 spiritu
538 3671 663 3733 tradidit
683 3671 879 3733 fornicarium
901 3678 1039 3751 satanae,
1062 3671 1157 3733 obiur·
1228 3689 1231 3694 ⁴

236 3774 317 3836 gans
339 3753 422 3835 quod
444 3757 503 3834 ipsi
524 3772 587 3815 non
610 3755 765 3815 isoissent.

298 3837 393 3913 'Quo
421 3857 495 3899 vero
530 3840 611 3916 iure,
650 3845 702 3898 aut
736 3856 798 3917 qua
829 3839 984 3899 ecelesiae
1010 3836 1158 3897 felicitate

236 3923 286 3984 hio
308 3920 420 3982 modus
450 3920 554 3983 divino
581 3923 647 3981 iure
676 3924 882 4003 praescriptus
920 3928 952 3982 et
979 3922 1011 3979 iu
1042 3926 1161 3980 tantum

237 4014 360 4087 tempus
394 4004 555 4066 roboratus
576 4007 617 4065 sit
638 4005 795 4084 sublatus,
827 4005 958 4067 viderint
984 4004 1046 4066 alii.
1091 4002 1160 4083 Ego

237 4088 363 4169 quidem
385 4106 502 4168 negare
513 4108 575 4150 non
590 4107 727 4170 possum,
745 4090 817 4169 quia
829 4090 868 4149 ad
880 4089 1001 4236 ppulum
1023 4085 1162 4181 videmus
