3075 4775
568 570 724 625 ollotaiiis
743 576 867 639 excepta,
1119 564 1183 634 2oe

259 763 356 836 terne
383 760 589 819 eommutatur
617 758 648 817 iu
676 756 889 837 temporalem.
933 756 1002 819 lloe
1024 757 1123 836 liquet
1143 775 1182 817 ex

260 858 369 901 murae
391 838 566 922 Seripturue
586 840 762 920 traditione,
786 847 817 901 et
837 839 876 901 a
889 839 1011 901 Petrum
1031 860 1097 903 usn.
1142 840 1183 901 Ει

259 930 292 985 ιιι
315 924 441 985 brevior
461 925 541 1002 sim,
562 942 710 1011 expresse
730 924 792 985 hoe
812 924 913 984 voluit
933 923 1114 985 Ambrosius
1135 943 1182 983 su·
1232 951 1235 955 ·
1296 996 1301 1007 .

259 1026 316 1085 per
336 1007 461 1086 Lunam,
482 1007 693 1088 Hieronymus
716 1008 768 1069 lib.
795 1011 823 1069 1.
846 1012 955 1067 eontra
975 1007 1182 1085 turinianum,

260 1090 452 1170 Augustinus
481 1091 609 1171 quaesti.
634 1095 659 1153 1.
684 1090 723 1151 de
752 1098 823 1151 outo
846 1088 970 1150 Duleitii
999 1091 1183 1173 quaestioui-

259 1174 335 1250 bus,
373 1180 405 1233 et
425 1176 613 1253 pertinenter
634 1174 816 1235 Ambrosius
836 1174 908 1235 Lus.
931 1176 960 1238 5.
988 1179 1117 1235 testatm
1136 1192 1184 1235 se·

261 1257 438 1318 ιιιιιιιοιίοιιο
459 1254 593 1339 poenam
616 1259 735 1338 peeuati
759 1256 896 1321 dissolvi.

345 1338 504 1420 Scriptura
531 1340 630 1401 estin
652 1348 812 1422 promptu:
846 1341 992 1425 quoniam
1020 1345 1182 1419 peceatum

263 1422 368 1499 Adue,
392 1423 483 1504 uulpu
501 1424 563 1484 iam
586 1425 734 1505 remisse,
768 1425 893 1504 punitur
913 1424 946 1483 in
968 1428 1035 1484 tute
1055 1424 1183 1503 posteri·

262 1512 333 1567 tete.
357 1504 461 1580 Quare
480 1513 660 1590 transeunte
682 1507 774 1587 eulpa
792 1514 931 1568 remanet
950 1524 1063 1590 poena.
1083 1504 1183 1581 Quam

262 1591 415 1651 tutionem
456 1592 555 1671 tangit
593 1591 782 1671 Augustinus
814 1597 945 1652 tractatu
982 1591 1049 1654 124.
1091 1608 1184 1669 supra
1292 1656 1298 1665 ἱ

262 1673 370 1733 Metu.
401 1679 432 1733 et
463 1674 623 1755 glossat.
654 1676 774 1755 Regum
809 1677 858 1739 12.
880 1674 1026 1735 Similiter
1063 1671 1103 1733 de
1124 1672 1183 1733 Da·

262 1755 322 1817 vid.
345 1759 375 1819 2.
398 1756 475 1837 Reg.
497 1758 548 1833 24,
570 1756 622 1819 ubi
633 1757 732 1827 David
753 1758 948 1838 poenituerat
970 1763 1002 1817 et
1022 1775 1183 1837 pereusso-

263 1846 308 1900 rat
331 1858 389 1900 eor
411 1841 485 1915 eius,
506 1842 643 1919 pensavi,
666 1840 751 1919 dixit,
773 1840 865 1905 valde
885 1843 918 1901 iu
940 1840 1106 1920 bucineto,
1128 1839 1184 1899 aed
1212 1910 1215 1914 ἵ

262 1929 335 2003 peto
360 1928 395 1983 ιιι
416 1922 579 1984 uenalem
601 1924 793 2004 iniquitatem
816 1925 897 1985 servi
919 1924 969 1985 tui.
998 1923 1093 1983 Modo
1114 1941 1185 2001 pee-

263 2014 367 2066 catum
389 2025 453 2067 nou
475 2007 654 2069 transfertur
676 2007 778 2087 quoad
801 2007 933 2088 eulpam,
956 2007 1036 2089 qnia,
1059 2008 1093 2066 nt
1112 2004 1183 2066 Pro·

263 2090 358 2169 pheta
381 2087 418 2161 ⁸²)
442 2091 504 2168 ait,
542 2091 645 2151 anima
671 2092 741 2170 ipsa
769 2110 848 2170 quae
875 2090 1052 2171 peneareuit
1084 2094 1184 2149 morte
1221 2118 1225 2125 -

264 2172 429 2233 morietur.¹
454 2172 563 2247 Restat
591 2190 666 2255 ergo
689 2180 722 2234 ut
742 2180 902 2251 peceatum
925 2171 1027 2252 quoad
1050 2189 1183 2253 poenam

263 2255 473 2318 transferetur.
516 2254 567 2317 Sin
586 2275 642 2337 per
663 2257 847 2337 prophetam
868 2256 969 2317 Natan
996 2255 1107 2315 dieitur
1124 2256 1184 2316 Da·

263 2338 314 2399 vid
327 2337 406 2419 **):
428 2337 595 2401 Transtulit
606 2340 689 2401 Dens
699 2347 861 2422 peceatum
872 2345 967 2402 tuum.
989 2338 1048 2401 Ubi
1063 2338 1183 2420 glossa:

262 2424 349 2485 Deus
371 2422 517 2484 deliutum
540 2423 631 2504 delet,
650 2423 705 2484 sed
726 2425 856 2484 inultum
878 2443 941 2486 uon
963 2423 1087 2486 deserit.
1123 2423 1186 2484 Aut

263 2508 346 2570 euim
374 2506 469 2566 homo
496 2507 529 2566 in
557 2509 775 2589 repoenitens
797 2508 898 2588 punit,
930 2514 983 2568 aut
1005 2507 1090 2567 Deus
1115 2525 1183 2566 eum

163 2667 164 2672 ἵ
262 2589 392 2651 homine
414 2587 573 2650 viudieeus
594 2591 735 2669 pereutit.

347 2672 391 2732 ut
411 2679 444 2731 nt
464 2671 503 2733 ad
525 2671 558 2735 S.
580 2671 686 2734 Patres
712 2674 894 2747 veniamne,
923 2690 942 2732 a
975 2671 1083 2751 quibus
1112 2691 1185 2731 usus

264 2762 294 2817 et
315 2755 423 2836 praxis
456 2755 606 2816 eeclesiae
632 2756 843 2837 principaliter
870 2754 909 2816 nb
936 2753 1085 2836 apostolis
1107 2754 1185 2816 deri
1297 2769 1301 2786 ·

263 2845 354 2900 vatus
377 2845 432 2898 est.
460 2837 539 2902 Nam
561 2840 661 2921 primo
683 2839 800 2900 nullum
822 2845 983 2919 pennatum
1005 2845 1110 2898 manet
1130 2839 1184 2898 im·

263 2923 416 3002 punitum,
439 2927 471 2982 et
490 2940 593 3002 poena
614 2929 662 3008 est
682 2922 854 2985 ordinative
881 2921 999 3002 eulpae.
1033 2919 1117 2996 Quas
1137 2938 1185 2980 ra·

264 3007 366 3066 tiones
390 3006 490 3084 tangit
510 3004 699 3086 Augustinus
722 3013 754 3072 et
780 3005 874 3067 relert
899 3005 1064 3066 Gratianus
1089 3003 1185 3084 (sieut

263 3088 355 3168 primi
377 3087 417 3148 de
428 3089 627 3168 poenitentia.
650 3089 914 3163 distinetione).
936 3088 1014 3148 Nam
1027 3087 1110 3147 Deus
1122 3106 1184 3146 mn·

264 3169 327 3232 lum
351 3169 418 3230 lieri
441 3189 502 3231 uon
526 3177 697 3253 pateretur,
718 3173 776 3232 uisi
797 3171 872 3232 illud
893 3191 949 3252 per
970 3172 1114 3231 iustitium
1138 3189 1184 3230 or·

172 3251 178 3264 ”
265 3253 402 3316 dinanuo
425 3254 533 3314 melius
554 3265 636 3316 utere
657 3257 687 3316 iu
710 3254 827 3319 mundo
848 3255 972 3316 fanen-et.
993 3254 1095 3333 Inquit
1109 3273 1184 3333 ergo

265 3337 457 3418 Augustinus
478 3335 531 3398 lib.
553 3335 591 3398 ds
613 3339 824 3420 poenitentiae
845 3338 1010 3399 medicina:
1032 3338 1101 3398 Non
1126 3336 1184 3397 suf-

265 3419 330 3481 fieit
353 3439 457 3480 mores
478 3421 509 3479 in
532 3421 640 3482 melius
663 3429 872 3500 commutare,
894 3428 926 3482 et
947 3440 966 3481 a
986 3421 1080 3480 leefir
1095 3420 1185 3480 melis

265 3502 431 3579 recedere,
453 3503 512 3563 uisi
535 3504 626 3564 etiam
650 3503 689 3564 de
711 3505 764 3578 iis,
787 3523 866 3584 quae
886 3504 970 3564 taeta
990 3509 1075 3581 sunt,
1097 3504 1184 3563 satie·

265 3585 319 3647 tint
341 3586 410 3646 Deo
432 3603 488 3665 per
508 3588 719 3666 poenitentiae
740 3588 902 3665 dolorem,
929 3606 987 3667 per
1006 3587 1184 3647 humilitatis

265 3671 424 3750 gemitum,
446 3687 503 3748 per
524 3671 647 3730 enutriti
670 3669 992 3749 eordis‘saerifieium,
1015 3670 1185 3749 eleemosy-

265 3754 312 3812 nis
335 3750 574 3832 euoperantibus
596 3759 654 3816 ete.
670 3754 742 3815 Nou
762 3755 845 3814 enim
855 3753 969 3814 dietum
991 3760 1048 3832 est,
1069 3757 1103 3813 ut
1119 3759 1184 3812 tan·

267 3843 330 3896 tum
352 3835 534 3897 abstineatis
555 3853 575 3897 a
595 3838 753 3917 pennatis,
776 3836 831 3898 sed
855 3843 887 3897 et
907 3835 946 3896 de
966 3837 1118 3918 peceatis,
1139 3836 1184 3894 in·

267 3920 342 3998 quit,
366 3917 534 3998 deprecare
555 3919 731 3999 Dominum,
753 3928 788 3981 ut
807 3919 862 3983 tibi
885 3920 1074 3982 dimittantur
1095 3923 1152 3980 ets.
1267 3977 1271 3984 .

266 4037 641 4052 omum-*w

302 4107 333 4172 *)
355 4105 456 4164 heth.
476 4107 519 4165 18.
557 4107 606 4172 ”l
626 4107 652 4164 2.
671 4105 766 4165 Samu.
789 4109 831 4165 ιι.
