3075 4775
358 538 422 607 2OE
581 541 735 609 Disputatio
754 540 864 607 Lipsiae
878 539 971 592 nabau
990 554 1015 592 a.
1035 535 1095 591 xlx

409 764 413 775 ι
439 726 514 789 ,Non
537 732 682 807 astorgo
705 740 853 805 nsoesse,
886 730 921 787 ut
947 724 1017 787 dem
1040 723 1132 786 aliam
1155 723 1282 786 solutio·
1377 787 1378 794 .

362 830 443 888 nem,
466 810 523 871 nisi
546 811 583 872 D.
607 811 644 874 D.
667 810 810 890 egregius
832 810 963 892 primum
982 810 1171 890 probaverit,
1187 808 1282 872 &Pa-

362 903 423 956 tres
446 894 530 973 loqui
553 894 592 955 de
614 894 716 955 servili
738 894 861 970 timore,
882 895 1010 955 exclusa
1028 896 1137 975 gratia,
1158 898 1213 953 aut
1233 908 1282 953 ce-

363 980 482 1040 ritatem
506 996 569 1038 non
591 976 705 1039 habere
727 979 883 1057 negotium
906 979 937 1037 in
960 977 1149 1059 expellendo
1171 978 1283 1037 timore

238 1081 243 1087 ·
361 1062 473 1124 servili.
497 1060 608 1140 Quare,
631 1080 710 1141 quae
726 1067 954 1142 cousequenter
973 1062 1095 1124 induxit
1114 1061 1153 1122 de
1175 1060 1283 1140 expul-

362 1146 450 1207 sione
469 1146 599 1223 timoris,
633 1144 671 1204 de
692 1145 781 1207 initio
799 1146 979 1225 sapientiae,
1001 1151 1033 1205 et
1053 1145 1207 1224 quomodo
1230 1163 1283 1203 ex-

362 1229 459 1310 pellat
491 1230 601 1289 caritas
632 1229 775 1289 timorem
805 1247 949 1289 successu
976 1248 1033 1308 per
1053 1228 1284 1310 augmentatio·

363 1331 433 1374 uem
457 1313 594 1391 gratiae,
626 1331 665 1371 ex
686 1312 943 1390 praecedentibus
964 1313 1039 1373 satis
1061 1312 1284 1392 intelliguntur.

445 1394 590 1474 Superest
611 1394 825 1455 robustissima
842 1396 990 1457 autoritas
1000 1395 1107 1456 Mattb.
1118 1398 1167 1476 10,
1188 1414 1283 1475 quam
1379 1435 1380 1438 ,

362 1496 453 1538 unam
476 1477 616 1538 sufficere
629 1481 731 1557 putat:
752 1478 859 1539 Nolite
879 1478 987 1539 timere
1008 1498 1073 1556 cos,
1096 1480 1146 1557 qui
1169 1496 1284 1557 corpus

363 1560 508 1623 occidunt
537 1568 595 1621 etc.
623 1560 713 1621 sedt
701 1562 807 1622 timete
835 1582 905 1623 eum
926 1569 985 1622 etc
1002 1561 1104 1639 ,ideo
1125 1580 1189 1623 non
1213 1580 1285 1622 esse

363 1645 505 1705 servilem
528 1644 668 1705 timorem
698 1644 926 1724 damnabilem,
961 1644 1006 1705 ad
1029 1645 1284 1724 quemchristus

364 1747 423 1788 nos
446 1728 563 1788 invitat.
586 1726 774 1807 Respondeo
798 1729 937 1807 primum.
961 1728 993 1789 si
1014 1729 1089 1789 hoc
1096 1728 1171 1790 vult.
1183 1728 1221 1788 D
1231 1721 1284 1801 D.

364 1809 556 1872 contradicet
543 1817 590 1872 ιιιι
611 1810 884 1892 praecedentibus,
909 1811 960 1873 ubi
982 1813 1076 1872 timor
1096 1812 1247 1873 servilis
1238 1830 1282 1871 ιιι

272 1934 287 1949 ,.
364 1893 518 1955 sufficiens
541 1893 665 1971 dicitur,
697 1895 768 1956 ideo
791 1913 891 1973 aeque
912 1894 1077 1955 absurdum
1099 1902 1148 1957 eat
1167 1895 1284 1971 dicere,
1380 1905 1381 1912 ’

363 1976 517 2039 Christum
539 1996 596 2038 nos
618 1977 761 2039 docuisse
781 1976 1041 2039 insufficientiam.
1077 1979 1155 2039 Dico
1170 1984 1282 2039 'tamen

363 2079 442 2140 ego,
471 2080 547 2121 non·
563 2080 632 2121 esse
653 2061 693 2121 ibi
715 2060 858 2121 servilem
878 2062 1019 2122 timorem
1040 2061 1182 2139 Domini,
1210 2062 1285 2139 quia

363 2153 393 2203 et
416 2142 517 2203 filialis
539 2144 631 2204 timor
651 2145 739 2203 timet
760 2142 919 2204 offendere
940 2145 1057 2220 Deum,
1084 2145 1283 2223 etsepsrari

364 2225 402 2285 ab
414 2244 462 2287 eo
485 2226 587 2305 Atque
608 2227 728 2287 etiamsi
750 2226 791 2288 de
811 2246 898 2287 mero
921 2227 1024 2287 servili
1045 2229 1155 2287 timore
1176 2226 1284 2323 loque

351 2315 464 2397 petus,
496 2308 632 2369 nondum
656 2310 836 2390 intelligitur
857 2310 985 2371 exclusa
1005 2312 1119 2392 grstia,
1150 2310 1215 2370 imo
1238 2310 1283 2369 in·

365 2393 460 2470 clusa,
484 2411 552 2453 cum
575 2395 654 2454 teste
677 2393 832 2490 Apostolo
850 2400 882 2454 et
903 2395 1076 2475 Augustino
1107 2395 1209 2454 omnis
1231 2393 1283 2454 lex
1382 2462 1383 2465 Ἴ

365 2483 396 2536 et
418 2475 601 2536 doctrina
578 2483 617 2536 sit
605 2476 673 2536 tlit
661 2482 726 2536 tera
747 2472 905 2574 requirens
927 2477 1118 2557 Spiritum.
1159 2500 1163 2507 ·

446 2558 611 2620 Consensit
632 2561 724 2620 etiam
736 2559 889 2621 scholast
868 2568 945 2621 ticos
968 2579 1041 2622 vere
1062 2560 1179 2620 dicere:
1202 2559 1283 2620 Gon·
1359 2559 1364 2571 ’

363 2642 517 2702 tritioncm
541 2661 602 2703 non
628 2643 731 2703 valere
753 2645 1027 2722 extracaritstem,
1045 2636 1186 2704 sednon
1209 2661 1283 2703 con·
1312 2643 1319 2657 ‘

362 2725 477 2786 tutavit.
523 2724 590 2787 Stat
577 2731 685 2806 tergo
701 2747 814 2787 aarum
836 2727 973 2823 ipsorum
1003 2727 1151 2788 autoritas
1174 2733 1284 2787 ιοιιιιιι

364 2829 433 2871 eos:
467 2810 525 2870 nisi
548 2809 687 2872 confutet
709 2810 955 2876 contritionem
946 2829 979 2870 ιιι
1000 2811 1128 2870 caritate
1149 2827 1220 2869 esse
1241 2808 1284 2886 td,

328 2959 331 2967 .
364 2893 447 2972 quod
469 2912 489 2953 a
512 2893 638 2953 caritate
659 2894 767 2973 incipit
786 2892 860 2952 fleri.

324 3000 344 3028 .·
437 2974 522 3035 lllud
551 2975 713 3056 Augustini
740 2976 820 3038 bene
848 2975 965 3055 placet:
1000 2975 1083 3054 quod
1110 2975 1204 3036 timor
1236 2981 1285 3034 est

347 3058 639 3135 medicamentum,
672 3060 783 3119 caritas
816 3065 864 3119 est
885 3059 1018 3136 sanitas,
1051 3059 1143 3118 timor
1164 3056 1285 3118 scilicet

363 3143 393 3200 in
416 3143 544 3210 caritate
565 3142 761 3220 imperfecta,
785 3148 815 3202 et
837 3141 948 3202 caritas
969 3141 1115 3221 perfecta.
1295 3149 1304 3166 ⁰

446 3225 608 3286 Rationem
631 3224 715 3285 illam
739 3245 778 3285 ex
793 3225 945 3304 Dionysio
961 3229 1132 3304 sumptam,
1155 3221 1194 3282 de
1206 3224 1281 3299 imo,

364 3306 466 3368 medio
489 3315 519 3368 et
540 3326 685 3385 summo,
701 3307 777 3385 dicit
762 3314 845 3369 tme
868 3308 1041 3385 transiisse,
1064 3312 1096 3367 et
1123 3324 1187 3385 non
1210 3324 1283 3387 ape·

364 3390 476 3468 ruisse,
508 3390 596 3474 'quod
618 3392 658 3450 sit
679 3391 812 3452 medium
832 3393 914 3451 inter
934 3398 1094 3470 peccatum
1117 3390 1229 3466 imum,
1239 3396 1285 3450 et

364 3473 472 3614 ιιιιιιι
473 3493 520 3533 am
541 3475 737 3554 superiorem.
760 3475 872 3535 Fateor
889 3492 939 3534 me
960 3474 1092 3535 libenter
1111 3469 1282 3550 transiisse,
1366 3467 1371 3476 ’

365 3556 473 3634 utqui
496 3556 651 3618 crederem
674 3558 792 3638 ipsiD.
815 3558 866 3629 D.
888 3557 962 3617 satis
994 3575 1065 3617 esse
1086 3561 1281 3635 perspectam

363 3638 625 3719 honorationem,
648 3640 723 3718 nihil
748 3660 816 3701 esse
836 3638 876 3701 ad
889 3641 1091 3722 propositum
1113 3638 1282 3717 Dionysius

365 3723 445 3818 enim
468 3719 602 3800 loquitur
617 3687 662 3784 de
684 3723 842 3786 ordinibus
858 3721 994 3801 infinitis,
1017 3721 1124 3783 mediis
1147 3726 1178 3780 et
1199 3740 1284 3780 sum·
1289 3783 1292 3787 ,

278 3824 285 3834 ·
365 3807 430 3866 mis.
475 3805 516 3864 At
504 3811 603 3884 tego
627 3825 751 3902 prorsus
780 3806 895 3866 nullum
917 3805 1018 3868 babeo
1047 3804 1180 3865 medium
1201 3803 1283 3864 inter

365 3896 523 3969 peccatum
552 3894 583 3946 et
603 3890 743 3966 gratiam.
788 3888 873 3948 Sicut
893 3907 951 3947 nec
972 3888 1128 3964 Christus,
1177 3886 1282 3947 nando

365 3971 461 4032 dicit:
484 3967 542 4043 Qui
565 3987 627 4027 non
650 3977 698 4029 est
719 3988 850 4048 mecum,
873 3975 980 4030 contra
1003 3990 1052 4032 me
1075 3977 1131 4032 eat.
1194 3970 1281 4030 tite·

364 4075 444 4118 rum.
474 4052 537 4115 Aut
557 4050 648 4110 facite
671 4051 814 4114 arborem
835 4016 964 4132 bonam,
994 4060 1053 4140 ant
1074 4052 1165 4116 facite
1193 4051 1282 4116 arbo·

811 4369 825 4399 N
