3075 4775
609 537 909 608 summurn
1075 491 1100 554 ·’
1161 536 1204 606 aa

275 727 310 787 B.
338 724 550 803 Bernardum,
583 725 633 804 qui
665 725 747 785 bano
776 727 972 788 autoritatem
1001 726 1118 788 iuduoit
1145 747 1202 809 pro

276 809 411 871 eoelesia
431 809 603 888 militante,
631 809 710 870 siout
735 809 875 870 audinum
897 817 954 872 est.
997 810 1202 892 Rapondeo:
1319 861 1324 870 ,

277 893 313 955 D.
329 891 521 953 Bernardum
544 911 684 976 qeneror,
704 899 735 952 et
756 895 823 955 eius
844 895 1028 954 sententiam
1048 913 1112 956 non
1131 914 1203 956 oon·

279 985 402 1054 temno,
437 975 493 1036 aed
527 976 559 1035 in
582 977 782 1037 eontentione
804 977 1003 1057 accipiendos
1025 985 1073 1039 est
1093 997 1203 1039 sensus

280 1059 431 1138 genuinus
455 1065 487 1119 et
507 1059 649 1138 proprius
672 1058 866 1139 scripturae,
900 1062 951 1139 qui
973 1067 1055 1121 stare
1082 1062 1114 1120 in
1135 1063 1204 1122 aoie

280 1143 388 1221 possit,
411 1161 430 1202 a
450 1159 512 1221 quo
536 1143 634 1202 saneti
647 1142 753 1202 Patres
771 1161 991 1222 nonnunquam
1014 1143 1203 1224 loonpletan-

281 1222 339 1284 dae
374 1225 523 1286 orationis
559 1226 659 1305 matta
687 1224 911 1306 digrediuntur,
944 1235 976 1287 et
1005 1228 1072 1288 siue
1101 1228 1202 1308 uulpe.

279 1307 378 1368 Nune'
391 1315 494 1368 autem
517 1326 557 1368 ex
578 1307 777 1388 praeeedeuti
804 1316 836 1370 et
864 1311 1004 1388 sequenti
1033 1316 1121 1370 textu
1143 1311 1203 1372 ola·
1292 1341 1296 1348 ·

197 1379 208 1408 ”
278 1409 347 1450 rum
374 1389 425 1469 fit,
461 1390 614 1452 christum
640 1391 726 1471 loqui
757 1391 798 1453 de
824 1393 947 1472 aequali
979 1395 1205 1473 omnipotentia

279 1492 336 1533 sua
365 1491 434 1533 oum
456 1474 556 1535 Patre.
598 1474 767 1554 Propterea
797 1475 1063 1555 persequebantur
1092 1476 1202 1536 ludaei

278 1556 398 1634 Jesum3
420 1558 492 1636 qula
513 1556 646 1618 ianiabat
667 1557 746 1618 haee
766 1559 798 1618 in
820 1558 984 1637 sabbatho,
1006 1577 1081 1640 ergo
1104 1560 1203 1640 magis

279 1639 470 1718 quaerebant
492 1659 566 1700 eum·
583 1638 693 1700 ludaei
717 1640 900 1720 interficere,
923 1644 996 1722 quia
1016 1662 1080 1704 non
1101 1643 1202 1704 sulum

279 1722 424 1783 solvebat
452 1722 650 1801 sabbathum,
673 1723 729 1784 sed
752 1731 784 1785 et
805 1725 927 1786 Patrem
963 1744 1051 1786 suum
1080 1725 1204 1788 dioebat

280 1806 391 1883 Deum,
414 1806 574 1885 aequalem
596 1825 629 1866 se
651 1807 769 1868 faciens
791 1808 870 1868 Deo.
906 1808 1079 1888 Respondit
1098 1811 1204 1888 itaque

277 1888 387 1967 lesus,
422 1895 454 1948 et
475 1888 552 1948 dixit
567 1889 629 1950 eis:
653 1890 769 1966 Amen,
797 1909 888 1950 amen
917 1890 988 1952 dieo
1009 1891 1116 1969 vobis,
1139 1911 1202 1952 nou

279 1977 385 2051 potest
405 1971 499 2031 Filius
528 1990 546 2030 e
567 1973 724 2032 sefacere
746 1973 911 2052 quidquam
934 1976 993 2034 nisi
1015 1974 1099 2053 quod
1122 1975 1203 2035 vide

279 2055 318 2114 rit
339 2054 463 2114 Patrem
485 2054 659 2116 lenientem.
684 2055 723 2116 lut
744 2058 790 2116 sio
811 2056 894 2117 clare
908 2064 1003 2137 patet,
1027 2057 1203 2144 quod,Ber·

279 2136 395 2198 nardus
417 2137 478 2197 elio
501 2155 593 2198 sensu
614 2144 726 2200 traetat
746 2139 809 2200 hoo
830 2139 955 2200 verbum
978 2139 1098 2200 Christi.

362 2218 413 2280 Ad
435 2221 565 2294 tertiam,
587 2220 732 2282 videlieet
752 2221 926 2302 plebeiam,
950 2230 984 2283 ut
1004 2222 1090 2301 dixit,
1114 2228 1145 2284 et
1165 2225 1202 2283 ri·

278 2302 414 2364 diuulam
436 2303 659 2381 ratiunculam,
687 2323 748 2384 qua
767 2305 864 2382 dixi,
899 2307 992 2367 etiam
1020 2307 1088 2367 sine
1121 2325 1204 2387 papa

280 2387 446 2447 ecelesiam
469 2385 583 2449 habere
605 2395 697 2468 eaput
713 2408 811 2449 suum.
848 2388 1010 2469 Opposuit,
1033 2389 1116 2470 quod
1139 2409 1201 2450 uon

280 2476 363 2530 esset
391 2468 487 2549 digua
513 2472 647 2531 enarrari
676 2490 781 2532 eoram
809 2473 903 2532 tantis
931 2473 1020 2550 viris,
1055 2480 1087 2533 et
1115 2474 1146 2533 in
1169 2490 1203 2532 re

280 2562 342 2613 tam
365 2546 456 2616 seria'.
469 2553 674 2632 Respondes:
691 2553 737 2614 sit
757 2554 880 2634 plebeia
902 2562 933 2616 et
953 2554 1091 2635 ridioule,
1110 2555 1205 2616 modo

278 2638 319 2696 sit
344 2636 477 2713 inviota,
512 2635 645 2696 neodum
682 2636 774 2697 video
803 2656 872 2698 eam
901 2639 1107 2715 confutatam,
1141 2657 1204 2699 uon

280 2720 361 2779 enim
384 2718 536 2799 intelligo,
558 2720 583 2779 si
606 2719 739 2779 eoelesia
759 2719 800 2780 ad
821 2727 882 2780 tres
906 2720 957 2781 vel
968 2729 1101 2800 quatuor
1116 2740 1210 2780 men.

279 2820 328 2862 ses
351 2820 416 2863 non
440 2807 487 2861 est
508 2801 660 2881 acephala
682 2808 806 2865 mortuo
825 2821 924 2883 papa,
953 2802 1048 2863 modo
1071 2804 1133 2863 siut
1153 2803 1206 2862 alii

279 2886 435 2965 episeopi,
464 2883 622 2963 quomodo
653 2885 745 2945 etiam
777 2904 841 2945 non
868 2887 908 2945 sit
934 2886 1101 2963 acephala,
1135 2903 1215 2944 oum

279 2966 381 3028 nullus
404 2967 444 3027 sit
464 2986 555 3047 papa,
579 2985 650 3027 narn
674 2967 756 3046 quod
778 2967 907 3027 adduxit
928 2967 968 3028 de
982 2967 1206 3046 Gardiualibus,

278 3070 375 3129 penes
408 3067 486 3129 quos
517 3051 557 3110 sit
588 3051 636 3111 ius
648 3048 679 3129 ²)
710 3050 845 3131 eligendi
868 3056 946 3128 eto.,
969 3053 1205 3131 responsionem

281 3152 382 3194 msam
411 3132 580 3210 confortat,
614 3151 684 3193 eum
713 3133 787 3193 hine
807 3140 969 3213 sequatur,
992 3152 1032 3195 eo
1055 3140 1206 3213 tempore,

279 3235 341 3295 quo
363 3215 503 3276 nondum
531 3221 619 3275 erant
640 3214 837 3293 cardinales,
870 3223 904 3279 ut
930 3223 1072 3298 tempore
1099 3216 1205 3277 Hiero·

280 3300 375 3379 nymi,
399 3318 461 3359 non
484 3298 622 3378 potuisse
644 3308 714 3359 sss‘e
736 3318 859 3379 papam.
933 3365 938 3370 ,

363 3380 414 3441 Ad
435 3387 574 3459 quartam
588 3381 733 3461 Cypriani
748 3382 956 3461 autoritatem,
978 3382 1030 3445 ubi
1052 3382 1117 3442 dixi
1136 3402 1206 3442 eum
1282 3408 1285 3412 >

280 3464 366 3544 loqui
389 3463 428 3525 de
446 3462 590 3543 quolibet
610 3462 771 3543 Pontifiee,
794 3465 924 3542 obiecit,
946 3466 1029 3543 quod
1052 3485 1090 3525 ex
1113 3472 1202 3526 textu

278 3548 478 3626 perviuoatur
505 3566 575 3606 eum
605 3546 740 3608 looutum
771 3566 841 3607 esse
869 3547 909 3608 de
939 3547 1085 3610 Cornelio
1113 3549 1202 3608 Rom.

281 3629 447 3705 Pontifioe,
471 3636 582 3691 eontra
600 3629 803 3692 Novatiauos.
825 3631 1030 3711 Respondeo:
1053 3632 1123 3691 bles
1144 3650 1206 3691 non

280 3713 388 3790 refert,
423 3731 483 3773 nee
503 3731 573 3772 eam
596 3712 760 3792 epistolam
783 3715 815 3773 in
839 3716 988 3775 memoria
1008 3715 1125 3792 habeo,
1146 3714 1208 3774 hoo

280 3802 384 3856 autern
406 3796 491 3873 seio,
520 3794 603 3874 quod
626 3796 663 3857 D.
685 3794 860 3876 Cyprianus
881 3816 937 3877 per
961 3798 1072 3858 multas
1095 3797 1206 3877 episto-

617 3967 732 3975 ---

333 4050 420 4124 2)1n
440 4050 484 4109 ad.
505 4053 594 4122 erige
615 4053 664 4105 ria
