3075 4775
521 531 631 602 lipsiae
646 534 675 586 iu
692 550 754 589 urus
772 532 894 623 issbitus.
1103 521 1187 603 228¹

246 736 502 797 permanemus,
547 716 589 777 uti
621 716 778 799 Propheta
807 720 839 779 in
869 720 951 781 Psul.
972 722 1023 785 42.
1057 722 1166 803 inquit

164 802 165 813 ¹
246 798 408 863 Eiusmodi
440 802 520 863 sitim
548 798 588 861 ed
610 800 708 861 Deum
741 809 774 863 et
799 802 839 863 ed
859 804 1005 865 iustitium
1027 807 1166 885 perveni·

246 883 312 949 sudi
334 886 438 965 gretie
459 884 575 963 incipit,
597 884 688 947 etad
711 892 951 966 mortemusque
966 886 1063 949 duret
1086 888 1167 964 Qus·

244 965 900 1131 {steterittristent
930 970 1027 1050 ΨΜ
1055 971 1166 1036 dm

313 1212 456 1282 Altera
478 1236 566 1298 pers
589 1217 634 1277 de
654 1224 858 1299 potestate
879 1217 960 1279 divi
983 1219 1095 1284 Petri.

329 1383 476 1463 imperito
500 1383 594 1463 vulgo
616 1383 690 1447 nihil
713 1402 794 1463 opus
814 1389 876 1460 est,
899 1383 996 1445 mults
1019 1384 1060 1444 de
1081 1390 1167 1464 pute·

244 1472 326 1529 stote
359 1465 423 1527 divi
454 1465 536 1527 Petri
563 1473 617 1526 eut
642 1466 748 1546 Pepse
774 1466 939 1547 disputare.
981 1468 1016 1528 lu
1038 1468 1167 1549 euplus

244 1551 337 1609 situm
362 1556 419 1627 est,
441 1556 475 1611 ut
495 1550 617 1629 scietur,
639 1549 799 1629 quomodo
821 1570 860 1611 ee
876 1551 1005 1613 feliciter
1021 1551 1168 1612 utendum

244 1634 292 1695 sit.
341 1632 456 1695 Verum
484 1639 545 1712 est,
578 1632 682 1695 eleves
716 1631 788 1695 divo
810 1633 902 1695 Petro
934 1652 1004 1695 esse
1030 1634 1168 1715 truditus,

170 1734 174 1743 ·
244 1716 299 1777 sed
325 1733 390 1777 uon
411 1716 470 1795 ipsi
492 1723 526 1777 ut
547 1735 623 1777 suue
643 1734 798 1796 personae
818 1717 874 1777 sed
895 1717 1168 1797 inpersoquhri

246 1801 369 1863 stieuus
398 1798 566 1878 ecelesiae,
602 1798 745 1879 adeoque
778 1799 852 1859 mihi
885 1808 917 1861 et
953 1800 1009 1862 tibi
1036 1801 1168 1863 traditae

245 1888 335 1945 suut.
354 1883 387 1943 iu
421 1883 667 1943 consolationem
698 1883 955 1943 conscientiarum
984 1890 1167 1945 nocherum.
1280 1943 1284 1955 ,

244 1966 343 2026 Divus
355 1964 463 2027 Petrus
486 1974 517 2026 et
538 1966 638 2045 quivis
659 1965 807 2027 sacerdos
828 1947 967 2027 minister
986 1974 1036 2028 est
1054 1970 1088 2028 iu
1108 1968 1168 2029 cle·

247 2051 330 2115 vium
354 2047 468 2111 officio.
509 2047 653 2113 Ecclesia
681 2048 808 2111 dominu
835 2055 868 2111 et
888 2068 1003 2130 sponse
1024 2057 1089 2131 est,
1119 2052 1170 2112 cui

245 2133 363 2195 servire
386 2131 478 2193 debet
498 2138 653 2213 potestate
676 2132 822 2211 clerium,
844 2134 888 2195 uti
909 2132 1089 2213 quotidiano
1112 2154 1170 2195 usu

246 2215 465 2295 observemus,
500 2215 583 2295 quod
606 2223 800 2277 sacramente
822 2216 975 2295 omuibus,
1008 2219 1059 2296 qui
1086 2237 1125 2279 eu
1149 2238 1169 2279 u

245 2298 461 2359 sacerdotibus
481 2305 598 2379 petunt,
621 2301 825 2379 porriguntur.

328 2382 426 2444 Porro
450 2391 483 2443 ut
502 2384 709 2463 percipietur,
732 2384 890 2470 quomodo
912 2383 1050 2449 clavibus
1072 2383 1167 2446 seriei·

246 2473 292 2528 ter
314 2465 463 2527 utendum
484 2469 534 2545 sit,
557 2485 649 2546 supra
671 2466 750 2546 dixi,
787 2486 856 2530 cum
879 2487 985 2530 eorum
1005 2469 1074 2529 Deo
1094 2469 1167 2528 iusti
1278 2480 1282 2485 ’

237 2569 300 2612 xseu
321 2549 444 2629 accepti
475 2568 544 2612 esse
567 2551 728 2630 cupimus,
765 2558 797 2612 et
824 2558 949 2612 nostres
969 2550 1168 2630 possibilitati

245 2635 392 2694 nuncium
414 2633 614 2712 remittend0‚
645 2635 768 2718 grptiee'
785 2652 917 2714 capuces
938 2635 1001 2695 iem
1022 2634 1095 2694 fecti
1117 2655 1167 2694 su-

188 2774 189 2779 ,
246 2736 322 2778 mus.
366 2717 480 2778 Postee
506 2717 537 2778 iu
570 2735 608 2778 so
630 2723 748 2778 tuntum
774 2734 825 2779 res
845 2717 906 2778 site
920 2722 989 2793 est,
1024 2718 1071 2777 uti
1089 2718 1165 2777 scius

246 2821 333 2880 urus,
359 2819 399 2860 uu
427 2801 526 2880 gretie
548 2801 606 2862 Dei
628 2799 755 2862 obtento
775 2801 831 2878 sit,
854 2800 904 2872 rel
925 2817 1025 2862 secus.
1068 2799 1165 2879 Siqui

246 2884 315 2948 dem
338 2883 418 2944 seire
440 2889 577 2963 oportet,
606 2883 762 2963 quomodo
793 2902 863 2944 eum
884 2884 952 2944 Deo
980 2881 1071 2944 uobis
1092 2901 1166 2943 eou-

246 2969 361 3050 veuiet,
384 2967 410 3026 si
433 2966 525 3028 modo
548 2967 770 3028 conscientium
788 2967 952 3031 exhilarsri
973 2973 1007 3028 et
1025 2966 1169 3028 roborari

246 3051 399 3112 volumus.
440 3049 586 3128 Etenim,
610 3051 635 3112 si
657 3051 724 3129 quis
748 3050 885 3130 dubitet,
909 3069 968 3112 uec
991 3054 1078 3110 certo
1097 3068 1165 3130 pes·

246 3153 354 3195 suesus
378 3133 435 3211 sit,
457 3153 491 3194 se
512 3135 689 3214 propitiurs
701 3134 799 3194 Deum
820 3133 951 3213 hebere,
982 3145 1066 3194 uerte
1093 3152 1170 3194 sumi

247 3237 311 3281 uois
347 3215 452 3278 hebet
492 3216 577 3278 Sicut
609 3215 725 3296 credit,
758 3218 804 3278 itu
834 3223 866 3278 et
886 3217 986 3280 hebet.
1030 3215 1165 3279 Proinde

245 3318 338 3368 neure
369 3301 449 3360 seire
480 3307 598 3380 potest,
636 3299 716 3380 quod
739 3301 769 3360 in
792 3303 896 3381 gretie.
927 3302 968 3361 sit
1001 3307 1033 3362 et
1064 3301 1164 3365 Deum

242 3384 410 3464 propitium
433 3383 563 3462 musac,
595 3385 655 3446 uisi
686 3403 741 3464 per
775 3383 877 3447 fideus.
921 3384 953 3444 Si
977 3383 1074 3445 eredit
1091 3385 1168 3466 hocy

243 3467 348 3530 sulvus
372 3472 438 3543 est,
462 3468 488 3542 si
509 3486 572 3528 nou
595 3467 711 3546 eredit,
734 3467 960 3530 condemnatus
981 3473 1037 3529 est
1080 3469 1169 3533 Telis

243 3552 328 3612 euim
349 3548 463 3610 fiducie
499 3554 530 3612 et
563 3551 646 3613 boue
669 3552 861 3614 conscientie
886 3569 962 3610 vers
981 3557 1015 3611 et
1033 3552 1164 3631 probatu

243 3634 322 3696 fides
335 3639 402 3711 est,
424 3652 504 3713 quae
524 3633 582 3694 Dei
603 3636 732 3716 grstiem
754 3634 846 3696 nobis
867 3633 975 3696 adfert.
1212 3638 1217 3642 '

329 3716 423 3792 vide,
452 3716 513 3778 huc
533 3717 589 3778 tibi
610 3718 713 3779 eleves
736 3718 940 3796 ancillantur,
972 3716 1012 3778 ud
1033 3718 1095 3781 hoc
1117 3738 1164 3780 se

244 3802 387 3864 cerdotes
419 3801 550 3860 instituti
579 3809 659 3892 sunt.
703 3801 780 3862 Cum
807 3801 902 3864 sentis
931 3808 1091 3862 cortuum
1113 3823 1164 3864 vu·
1230 3804 1232 3811 '

244 3886 350 3947 cillere
373 3891 425 3944 eut
446 3883 601 3964 dubitare,
635 3904 670 3944 se
698 3903 762 3946 non
790 3903 861 3946 esse
883 3885 915 3944 iu
935 3887 1160 3965 gretiecorem

244 3969 354 4030 diuinis
376 3967 492 4042 oeulis,
513 3973 578 4028 tum
601 3987 734 4048 peropus
757 3968 890 4047 esttibi,
913 3975 945 4029 ut
967 3967 1161 4044 sacerdotem

243 4052 392 4131 accedes,
426 4057 457 4112 et
484 4050 710 4112 absolutionem
739 4051 923 4114 delictorum
956 4057 1078 4111 tuorum
1107 4070 1163 4130 pe·
