3075 4775
964 302 1008 305 .-.-.
1015 300 1371 309 W--v-——uw——v—

520 502 522 507 ι
575 548 732 605 stlomrlis
751 554 877 618 excepte
1130 547 1192 616 201

163 748 165 803 ξ
239 721 242 728 ’
271 752 334 795 rem
358 734 483 797 melam.
527 731 589 807 Sed
617 740 647 797 et
680 736 779 817 ipsum
801 737 839 797 D.
853 737 891 797 D.
908 734 1011 799 ’oredo
1040 736 1193 818 idipsum

163 830 164 847 ¹
272 835 426 894 asserere,
462 816 545 897 quod
567 820 665 899 gretie
687 826 717 879 et
738 826 899 899 peccatum
926 821 1009 901 apud
1030 821 1194 884 Scholasti-

163 978 164 983 η
273 918 326 961 cos
349 900 531 963 immediate
554 910 759 983 opponuntur.

357 983 428 1045 Non
452 982 565 1065 accipit
586 985 623 1047 D.
646 986 682 1045 D.
698 1032 707 1063 ,
725 985 808 1066 quod
830 988 959 1069 gretiam
982 987 1044 1047 dixi
1068 1008 1195 1068 praeve
1252 1001 1255 1008 '

273 1068 342 1127 nire,
362 1085 501 1127 amorem
524 1073 555 1127 et
578 1068 728 1146 timorem,
750 1071 809 1130 nisi
830 1068 940 1155 loquar
956 1070 995 1132 de
1016 1072 1113 1152 gratis
1136 1073 1193 1152 pri·

273 1170 341 1210 mse
371 1151 527 1211 motionis.
563 1151 773 1231 Respondent
804 1153 872 1233 Ego
896 1173 964 1213 cum
988 1154 1141 1234 Apostolo
1163 1161 1195 1217 et

163 1284 164 1287 ,
272 1232 448 1313 Augustino
471 1234 587 1295 sentio:
609 1234 692 1315 quod
714 1237 773 1297 nisi
795 1236 847 1297 lex
859 1235 1002 1315 diligetur
1025 1238 1125 1316 (quod
1147 1245 1195 1299 est

272 1316 410 1377 caritatis
434 1323 466 1377 et
486 1336 549 1381 non
572 1319 688 1398 primae
706 1320 870 1394 motionis)
895 1337 957 1381 non
974 1320 1053 1382 bene
1074 1322 1193 1383 vivitur.

271 1398 356 1481 Ergo
380 1419 440 1461 nec
463 1400 547 1461 Deus
570 1402 702 1476 timetur,
724 1421 783 1463 nec
805 1402 923 1473 colitur.

286 1522 288 1530 ι
353 1476 388 1543 ln
413 1481 490 1562 line,
516 1484 637 1545 instruit
665 1484 813 1545 adversus
841 1505 891 1546 me
913 1492 1073 1548 cornutum
1102 1486 1193 1572 syllo-

163 1612 164 1615 ,
270 1566 419 1647 giemum,
442 1575 494 1627 eut
517 1566 706 1645 Ambrosius,
736 1568 920 1649 Gregorius,
950 1570 1064 1649 aliique
1084 1588 1225 1650 repug,

271 1656 347 1709 nunt
369 1648 459 1711 dictis
482 1650 645 1730 Apostoli,
669 1651 719 1713 vel
747 1672 827 1731 non,
856 1654 882 1713 si
904 1653 1073 1739 sic,⁴quod·
1092 1659 1193 1715 osten·

170 1758 175 1769 ·
270 1731 361 1792 dam:
385 1734 515 1813 sinon,
545 1739 578 1793 nt
600 1752 684 1815 serp.
700 1753 806 1795 eorum
829 1738 1012 1797 sententiae.
1054 1737 1193 1816 Respon-

242 1814 330 1885 ‚deo
356 1823 388 1875 ct
409 1835 465 1895 per
485 1816 587 1876 medin
642 1823 788 1897 transeo,
823 1838 887 1879 non
909 1826 1083 1899 repugnant
1105 1819 1193 1879 dictis
1235 1840 1247 1851 ⁸

270 1898 431 1979 Apostoli:
455 1905 486 1959 et
507 1906 671 1960 stoemum
693 1902 874 1978 sententiae,
898 1922 960 1963 non
985 1909 1088 1963 eutem
1105 1902 1193 1962 Deci·

269 2002 349 2043 snae
372 1980 611 2062 intelligentiae,
647 1984 710 2044 imo
733 1985 838 2048 errori.
882 1983 952 2057 Non
983 1986 1065 2046 enirn
1088 1986 1193 2045 exclu-

269 2065 348 2125 dunt
369 2066 529 2125 caritatem
553 2084 572 2124 e
593 2066 704 2127 timore
726 2068 792 2127 sive
814 2068 917 2128 servili
930 2068 1003 2133 sive
1025 2066 1121 2128 tilioli.

332 2147 514 2212 ursione.
537 2167 605 2209 esse
620 2151 773 2210 ,canonino
797 2169 882 2211 more
905 2150 1087 2231 retrogredi,
1108 2150 1191 2230 quod

268 2230 351 2291 dixi:
382 2230 495 2291 Habita
516 2232 641 2293 caritate
663 2234 794 2296 moveri,
810 2240 961 2314 mentem,
980 2233 1019 2294 ad
1041 2236 1192 2295 timorem.

269 2314 352 2377 Setis
377 2314 489 2390 miror,
513 2315 579 2375 sive
601 2316 814 2396 scorpionem,
836 2318 901 2377 sive
923 2333 1068 2377 cenorum
1089 2318 1191 2389 istum,

268 2417 337 2458 cunr
362 2406 394 2458 et
416 2396 538 2478 gentilis
560 2395 612 2458 ille
635 2405 729 2479 poeta
750 2399 875 2460 dixerit:
905 2401 966 2461 Res
999 2408 1046 2461 est
1067 2401 1191 2462 solliciti
1219 2397 1222 2401 ’

268 2481 364 2562 plena
389 2481 507 2541 timoris
531 2500 626 2542 emor.
671 2481 766 2558 Quasi
789 2485 975 2564 ignoremus,
997 2483 1079 2563 quod
1102 2503 1191 2544 amor

264 2565 334 2624 fons
360 2569 393 2624 et
415 2569 507 2643 caput
529 2570 576 2624 est
598 2566 735 2624 omnium
757 2565 934 2629 affectuum.
956 2566 1030 2627 ldeo
1053 2568 1134 2626 enim
1157 2568 1191 2626 ti-

268 2654 368 2708 metur
391 2646 495 2725 po'en'a
516 2646 695 2708 etinfernus
718 2649 879 2727 serviliter,
902 2651 973 2728 quia
985 2649 1120 2729 diligitur
1128 2651 1190 2709 vits

267 2737 297 2790 et
314 2727 468 2809 'voluptas
500 2730 657 2810 pueriliter
678 2738 708 2791 et
730 2732 890 2794 serviliter.
930 2731 978 2792 Ad
1000 2733 1082 2791 hunc
1103 2733 1190 2792 timo-

267 2833 330 2874 rem
352 2821 384 2874 et
398 2831 534 2874 amorem
557 2814 787 2894 exstirpandum
799 2814 975 2874 diffunditur
998 2815 1108 2874 ceritas
1123 2814 1190 2892 Dei,

266 2916 328 2976 qua
351 2915 500 2956 ememus
517 2896 609 2958 aliem
632 2899 737 2973 vitam,
761 2905 792 2957 et
814 2899 975 2958 timeamus
997 2897 1089 2958 sliam
1111 2916 1189 2958 mor-

267 2989 345 3056 tem,
376 2978 408 3037 id
432 2989 494 3050 est,
518 2981 742 3060 separationem
766 3001 785 3039 a
806 2981 884 3042 Deo.
1191 2980 1207 3010 ·“

350 3061 484 3125 Transiit
520 3061 556 3124 D.
581 3063 617 3122 D.
652 3061 690 3123 de
721 3065 842 3143 punctis
871 3065 902 3124 in
936 3062 1084 3124 Sermone
1119 3080 1188 3122 meo

267 3145 407 3226 signatis,
430 3143 521 3205 etde
543 3150 607 3206 toto
631 3145 779 3218 Sermone
801 3146 1000 3207 confutando.
1022 3146 1100 3206 Dico
1122 3144 1201 3214 brea
1308 3153 1310 3157 ’

267 3231 361 3290 viter:
386 3225 486 3288 Habet
509 3228 659 3289 calamum
675 3237 705 3289 et
720 3248 880 3310 papyrum,
902 3229 1097 3310 aggrediatur
1120 3249 1188 3288 eum

266 3332 335 3372 cum
359 3307 489 3388 fiducie,
521 3310 687 3390 videbitur,
708 3330 754 3372 sn*
771 3313 950 3374 Sermonem
975 3312 1187 3394 confutaverit,
1218 3323 1221 3330 '

267 3395 315 3455 vel
340 3414 374 3454 se
396 3395 495 3473 ipsum
512 3394 647 3458 irriserit.
670 3393 738 3456 Hoc
759 3396 899 3475 relinquo
922 3393 1034 3458 iudicio
1049 3395 1188 3456 ordinen-

260 3477 389 3540 ·dorum.
465 3515 469 3526 ·

653 3633 808 3704 Decius.

352 3807 431 3882 Quia
459 3808 499 3869 ob
529 3811 675 3890 temporis
703 3812 874 3890 angustiam
910 3808 1096 3890 respondere
1125 3825 1187 3866 non

267 3911 393 3972 possum
417 3893 464 3968 iis,
486 3910 566 3970 quse
588 3893 774 3954 reverendus
797 3893 887 3953 Pater
916 3893 1058 3970 adduxit:
1088 3890 1188 3950 refero

172 3993 185 4056 J
267 3983 370 4034 tamen
395 3994 444 4035 me
465 3973 504 4034 ad
525 3974 662 4054 iudices,
697 3996 746 4036 me
775 3975 850 4036 nihil
880 3976 1059 4043 transiliisse
1090 3990 1189 4050 neque

267 4057 361 4118 luisse
384 4055 423 4118 de
445 4065 548 4120 mente
562 4053 817 4120 Praedicatorum'
835 4059 1064 4123 sutDoctorum
1084 4054 1186 4136 legem
