3075 4775
509 573 545 627 ad
563 573 622 630 lob.
642 575 903 648 carolomannum.
1086 548 1089 556 Ι
1117 578 1184 646 487

255 759 316 824 Sed
338 759 458 842 placuit
478 763 587 843 nagan
607 768 710 824 tecum
731 763 951 841 amicissimo,
968 781 1067 844 eaque
1089 764 1127 828 ds
1150 785 1183 830 rc

256 865 347 926 quam
370 847 607 925 exspectatione
629 847 762 922 maiore,
802 865 893 924 quam
923 847 1020 908 fructu
1043 848 1093 928 agi
1115 850 1195 929 ipse¹

256 927 328 991 vidi.
372 928 419 990 be
451 926 627 993 huiusmodi
661 928 935 1010 disceptationibus
969 929 1182 1010 plausibilibus

231 835 249 875 Ι

256 1011 328 1093 quid
351 1011 404 1075 alii
426 1012 576 1089 sentiant,
610 1014 736 1092 nescio,
767 1013 841 1074 mihi
865 1013 986 1092 quidem
1009 1015 1184 1094 periculosa
1270 1043 1272 1046 ·

256 1094 408 1157 videntur.
451 1094 580 1175 Ingenia
613 1093 818 1159 eruditionem
849 1097 964 1158 variam
989 1103 1020 1156 et
1039 1097 1183 1178 multipli-

257 1199 326 1240 cem
360 1177 531 1240 doctrinam
565 1179 627 1240 hcc
660 1179 781 1242 theatro
816 1185 1010 1242 ostentarunt
1042 1181 1108 1259 isti,
1143 1200 1183 1243 ex

256 1259 367 1344 quibus
407 1260 446 1322 ad
477 1261 625 1341 pietatem
665 1272 700 1323 ut
737 1262 869 1343 plurima
907 1262 995 1324 fieret
1032 1265 1195 1338 accessio„
1231 1265 1234 1273 ⁴

257 1344 401 1424 optarim.

341 1427 484 1488 Ceterum
507 1427 590 1508 apud
622 1448 680 1489 nos
703 1447 835 1510 magnae
857 1429 1053 1490 admirationi
1077 1429 1183 1510 pleris-

256 1529 318 1590 que
339 1509 396 1569 fuit
415 1509 527 1572 Eccius
551 1509 590 1572 ob
614 1512 713 1573 varias
736 1521 767 1573 et
788 1513 925 1592 insignes
946 1513 1062 1592 ingenii
1084 1512 1183 1577 dotes.

256 1592 505 1655 Oarclostadium
536 1593 737 1676 descriptis,
772 1595 884 1670 credo,
918 1595 1046 1672 novisti,
1083 1596 1182 1657 bonus

256 1683 306 1739 est
341 1678 408 1754 vir,
451 1685 483 1738 et
514 1697 585 1738 rara
617 1677 778 1757 doctrina,
812 1679 967 1763 planeque
1001 1697 1064 1740 non
1106 1680 1183 1740 nihil

257 1765 346 1820 extra
366 1759 452 1839 vulgi
474 1759 575 1821 aleam
599 1760 745 1822 eruditus.
788 1762 822 1821 ln
845 1761 979 1822 Luthero
1002 1761 1098 1842 longo
1120 1763 1181 1824 iam

257 1862 315 1902 usu
360 1843 434 1903 mihi
473 1841 663 1904 familiariter
701 1845 828 1926 cognito
879 1845 971 1906 vivax
1014 1845 1183 1926 ingenium,

257 1924 462 1986 eruditionem
496 1934 528 1986 et
562 1926 737 1988 facundiam
775 1925 928 2004 admiror,
967 1927 1121 1990 sincerum
1153 1935 1184 1989 et

256 2028 334 2090 pure
354 2008 560 2070 Christianum
593 2011 730 2070 animum
761 2029 825 2070 non
862 2027 987 2090 possum
1018 2029 1082 2072 non
1112 2010 1183 2072 dea·

259 2111 351 2152 mare.

340 2174 457 2236 Amicis
481 2174 698 2236 communibus
731 2195 771 2236 ex
800 2176 890 2238 nobis
923 2176 1053 2236 salutem
1077 2175 1182 2239 dicito.

258 2257 324 2320 Scis
365 2254 449 2338 'quod
490 2256 549 2319 dici
590 2259 717 2320 Graecis
754 2259 849 2334 solet,
895 2259 1043 2340 πολέμου
1083 2257 1182 2324 καινὰ

257 2338 376 2406 πολλά.
421 2340 523 2416 Quare
545 2360 608 2402 non
631 2348 696 2423 est,
721 2347 753 2403 ut
776 2342 814 2403 de
836 2342 925 2405 huius
948 2342 1183 2424 disceptationis

258 2430 371 2485 eventu
393 2443 495 2506 neque
516 2425 634 2503 famae,
669 2446 770 2505 neque
794 2428 848 2502 iis,
882 2428 933 2505 qui
961 2429 993 2485 in
1024 2446 1062 2489 ea
1083 2427 1184 2488 lamae

257 2508 454 2584 studuerunt,
491 2510 596 2569 omnia
625 2509 745 2571 credas.
797 2508 891 2583 Vale,
931 2509 1183 2589 Vuittembergae

257 2590 307 2656 21.
328 2591 408 2671 ruo,
428 2590 522 2653 Anno
546 2594 637 2656 raro.

419 2889 422 2895 ι
496 2793 725 2861 Excusatic
747 2792 942 2859 Iohannis

258 2968 344 3029 Eccii
370 2965 410 3027 ad
439 2985 477 3026 ea
499 2983 578 3044 quae
599 2964 678 3024 falso
701 2963 758 3023 sibi
783 2961 939 3041 Philippus
963 2958 1182 3021 Melanohthon

272 3050 509 3111 -Grammaticus
539 3046 838 3126 Vuittembergensis
860 3064 952 3125 super
986 3044 1163 3123 theologica
1234 3098 1238 3117 ,

454 3131 662 3212 disputatione
684 3130 806 3209 Lipsica
829 3128 1001 3207 adscripsit.

313 3294 517 3357 Iohannes
539 3296 686 3357 Ecoius
717 3292 899 3355 candido
922 3292 1079 3353 Lectori
1102 3290 1133 3353 S.

343 3450 423 3509 Dum
445 3450 476 3509 in
498 3450 581 3511 felici
602 3449 743 3530 Lipsensi
765 3446 936 3528 Gymnasio
959 3465 1029 3507 cum
1052 3444 1084 3509 P.
1107 3447 1184 3507 Mar·

260 3535 325 3594 tino
347 3532 481 3594 Luthero
511 3540 543 3593 et
563 3532 690 3593 Andrea
712 3530 929 3593 Garolcstadio
960 3542 1053 3609 super¹
1081 3530 1183 3590 arduis

259 3616 353 3677 rebus
374 3616 561 3697 theologicis
586 3616 809 3695 disputassem,
844 3623 938 3693 atque
971 3618 1073 3672 actum
1103 3618 1185 3673 esset

261 3718 318 3780 per
338 3699 536 3760 illustrissimi
565 3699 713 3778 Principis
736 3698 772 3758 D.
798 3696 924 3776 Georgii
947 3695 1103 3756 Saxoniae
1125 3696 1183 3755 Du-

262 3784 306 3843 cis
330 3789 388 3843 etc.
418 3788 449 3843 et
473 3781 689 3843 Universitatis
709 3781 867 3859 Lipsensis
890 3779 1108 3850 consiliarios,
1145 3796 1184 3837 ne

262 3866 330 3945 quis
342 3865 497 3944 disputata
508 3872 616 3927 nostra
625 3863 946 3944 perchalcographum
961 3862 1185 3936 disseminaret,

262 3955 429 4028 antequam
461 3969 516 4029 per
544 3948 729 4028 deligendos
762 3944 882 4009 iudices
914 3952 997 4007 esset
1018 3945 1184 4021 decretum,
1237 3958 1244 3969 ·

262 4032 330 4112 quis
353 4038 491 4093 nostrum
514 4031 586 4092 fidei
601 4031 793 4092 Christianae
811 4036 1021 4091 consentanea
1041 4033 1094 4086 aut
1110 4046 1185 4107 pug-

262 4115 372 4186 nantia
413 4114 541 4195 diceret,
599 4133 692 4191 ausus
734 4120 783 4176 est
820 4118 924 4174 tamm
958 4110 1184 4189 Grammaticus
