3075 4775
334 518 397 587 332
564 523 656 577 Resol-
674 522 705 576 L.
724 537 809 592 super
827 523 1019 593 Propositisne

335 712 468 788 interior,
488 718 541 771 aut
553 712 710 773 ullaulla?
731 710 764 774 Si
786 662 1067 789 nullunonrinatur,
1089 712 1175 773 nulla
1188 712 1260 773 sub-

336 814 405 855 esse
435 794 544 872 debet,
582 804 750 875 praseepto
784 796 892 855 saltem
929 794 1045 856 divino.
1089 794 1171 869 Quid
1207 796 1259 855 hie

335 878 444 939 melius
465 878 525 937 diei
547 885 667 957 potest,
690 896 780 958 quarn
806 878 888 957 quod
909 879 1037 939 verbum
1061 878 1175 939 Christi
1198 898 1258 938 nso

334 962 374 1021 de
393 962 609 1041 superioritate
636 981 696 1021 neo
717 962 921 1022 inferioritate
943 962 1142 1021 ecelesiarum
1164 962 1256 1022 intel·
1372 1002 1373 1029 2

335 1045 387 1125 ligi
409 1045 522 1124 possit,
545 1044 598 1104 sed
622 1044 662 1104 de
682 1046 766 1121 sola,
796 1044 921 1123 eadem,
943 1046 1119 1124 inviutuque
1139 1044 1205 1105 fide
1227 1053 1258 1104 et
1372 1060 1373 1071 ¹

333 1131 489 1208 parmate
511 1129 646 1187 omnium
663 1128 861 1188 ecelesiarum
883 1129 1062 1208 aequaliter.
1106 1128 1256 1203 Videsne,

336 1211 407 1291 quid
429 1212 471 1269 sit
490 1228 595 1271 sauros
626 1211 730 1271 literas
751 1231 808 1292 pro
842 1211 976 1271 humano
999 1210 1110 1271 affeetu
1133 1218 1166 1271 et
1189 1212 1257 1271 sine
1372 1222 1373 1299 J

338 1296 450 1355 timore
472 1294 529 1353 Dei
550 1301 687 1357 tractare.

693 1394 892 1473 Sequitur:

416 1479 499 1538 lilius
522 1483 605 1537 uerte
626 1476 790 1557 privilegio
813 1478 957 1557 hmgitur,
980 1478 1065 1537 euius
1088 1477 1256 1537 autoritate
1309 1530 1311 1539 ,

335 1562 465 1622 luloitur.

417 1645 507 1721 vide,
530 1660 608 1721 quae
631 1642 797 1703 corollaria
817 1643 936 1704 inferat.
982 1642 1114 1704 Verbum
1131 1642 1256 1721 Christi,

336 1728 375 1788 de
397 1726 457 1787 flde
479 1727 519 1787 ad
541 1726 703 1805 potestatis
726 1726 982 1806 signifieationem
1007 1726 1173 1803 detortum,
1197 1726 1257 1805 pri-

335 1811 479 1891 vilegium
502 1808 537 1869 fit
554 1808 714 1885 Romanae
730 1810 883 1870 eeclesiae
905 1812 934 1868 in
947 1810 1052 1889 verbo,
1076 1808 1159 1888 quod
1174 1828 1256 1869 oom-

337 1896 468 1955 muuiter
489 1892 630 1953 omnibns
654 1888 793 1951 eoeleffiis
821 1894 983 1970 sonuerit,
1022 1894 1093 1972 quia
1118 1892 1256 1953 Christus

337 1978 424 2039 dicit:
447 1978 546 2055 Super
561 1975 768 2054 hanepetram
780 1976 951 2037 aedificabo
968 1977 1130 2037 ecelesiam
1145 1994 1257 2052 meam,
1372 1992 1373 2013 ³

336 2062 446 2138 Meam,
468 2062 575 2137 inquit
597 2078 707 2119 meam.
752 2058 783 2118 Si
807 2060 940 2119 ecelesia
962 2060 1023 2120 alia
1037 2058 1194 2139 quaelibet
1211 2065 1257 2118 est
1372 2102 1373 2105 η

336 2143 599 2218 eoelesiaChristi
621 2143 689 2221 ipsa
710 2148 794 2201 uerte
816 2142 980 2219 aedificata
1001 2150 1048 2202 est
1070 2162 1163 2223 super
1185 2160 1256 2201 ean·

334 2228 404 2288 dem
434 2233 570 2306 petram,
604 2232 635 2284 et
669 2225 790 2283 nullum·
824 2233 871 2285 est
902 2226 954 2285 ulli
977 2223 1179 2307 privilegium.
1225 2223 1257 2284 si

334 2330 397 2370 non
412 2317 459 2369 est
472 2308 603 2369 eeclesia
615 2308 736 2383 Christi,
759 2314 790 2367 et
811 2310 879 2368 sola
893 2308 1025 2393 Romal)
1051 2315 1098 2368 est
1114 2308 1257 2384 eeclesia,

335 2394 528 2474 privilegium
552 2411 613 2452 non
639 2399 713 2464 stat,
750 2393 822 2470 quia
845 2392 929 2452 nulla
951 2400 998 2454 est
1020 2393 1173 2468 ecelesia,
1209 2393 1256 2451 oni

334 2479 477 2539 Romana
497 2476 636 2555 superior
670 2493 738 2534 esee
772 2478 880 2554 possit.
926 2479 1034 2536 lterum
1058 2475 1143 2536 diuo:
1184 2475 1255 2534 Pro-

334 2580 465 2638 nomeu‚
488 2578 603 2637 meam,
638 2565 691 2617 aut
712 2557 866 2639 signifieat
888 2559 985 2620 solam
1010 2560 1182 2618 Romanam
1207 2577 1254 2618 ee-

335 2645 471 2717 clesiam,
493 2650 546 2702 aut
568 2661 690 2702 omnem
708 2642 879 2703 eeclesiam.
905 2641 936 2703 Si
949 2642 1056 2720 solam,
1082 2641 1257 2702 nonhabet

334 2727 526 2808 privilegium
540 2743 613 2805 prae
625 2725 749 2803 eeteris3
767 2726 792 2784 si
808 2745 942 2801 omnem,
965 2727 1071 2785 iterum
1085 2743 1148 2784 non
1162 2724 1257 2785 habet

335 2811 528 2892 privilegium
551 2827 624 2888 prae
656 2809 775 2868 ceteris.
821 2809 923 2887 Eligat
961 2827 1034 2888 ergo
1066 2807 1147 2886 quod
1182 2808 1257 2884 vult,

335 2913 391 2975 per
411 2893 472 2952 hoo
495 2890 619 2951 verbum
642 2891 771 2965 Christi,
803 2891 944 2951 Romana
967 2891 1099 2951 ecelesia
1123 2899 1177 2950 aut
1200 2893 1257 2950 erit

336 2977 420 3055 solu,
442 2983 579 3036 autnon
601 2975 658 3033 erit
678 2975 785 3052 primu.

343 3067 347 3077 '
416 3059 488 3119 Alia
508 3077 583 3138 ergo
615 3059 665 3116 ria
694 3057 873 3136 probandus
904 3058 961 3117 iste
983 3059 1151 3138 primatus7
1184 3058 1257 3134 quia
1372 3055 1373 3060 ’

335 3144 510 3204 illusionem
532 3141 614 3201 hano
640 3142 686 3199 sui
718 3141 911 3220 evangelium
936 3140 1048 3200 Christi
1074 3145 1126 3210 (ut
1148 3139 1252 3215 vides)

281 3269 288 3281 ι
337 3245 427 3305 quum
451 3224 578 3304 pulahre
599 3222 709 3301 eludit,
732 3235 763 3284 et
787 3229 839 3298 (ut
860 3223 1055 3302 proverbium
1077 3221 1255 3283 Salomonis
1314 3257 1319 3262 -
1372 3219 1373 3266 ἶ

336 3307 446 3379 habet)
471 3308 571 3367 illudit
606 3307 749 3366 illusores
783 3327 866 3368 suos.
911 3307 950 3366 Et
972 3313 1042 3366 sunt
1065 3312 1169 3365 tamen
1194 3313 1254 3366 tarn

338 3390 433 3466 multi,
458 3393 508 3469 qui
531 3389 1069 3470 exhaomiserapuleaprivilegiurn
1094 3387 1256 3450 Romanae

337 3474 497 3533 ecelesiae
514 3476 634 3553 putarim
669 3492 724 3552 pro
759 3471 889 3534 articulo
923 3471 1010 3549 fidei,
1044 3472 1093 3530 uel
1118 3475 1254 3533 omnium

337 3557 435 3636 primo
458 3563 489 3615 et
503 3558 649 3633 maximo,
662 3557 809 3632 iactitent,
833 3557 1042 3636 patientiorem,
1065 3555 1089 3613 si
1102 3554 1254 3616 Christum

336 3658 442 3720 neges,
466 3658 556 3717 qnam
580 3641 604 3698 si
629 3639 689 3698 hoo
712 3640 914 3719 privilegium
936 3638 1031 3698 verha
1053 3637 1165 3699 Christi
1189 3659 1255 3720 per·
1372 3679 1373 3720 t

338 3730 469 3798 vertens,
493 3732 556 3781 non'
579 3721 699 3781 adores.

398 3805 658 3883 Sequituriterum
672 3803 878 3882 corollarium,
896 3804 948 3864 tali
966 3803 1101 3864 themate
1116 3803 1252 3884 dignum.

418 3887 508 3948 Unde
531 3902 592 3944 nou
617 3893 664 3944 est
685 3885 826 3962 dubium,
849 3889 937 3964 quia,
961 3886 1097 3966 quisquis
1129 3888 1252 3948 cuilibet

367 4007 544 4015 r---ss

372 4057 404 4122 1)
425 4056 453 4106 ln
473 4054 515 4108 ed.
536 4054 610 4108 Jem:
633 4055 766 4112 Romana.
