3075 4775
368 506 431 587 274
582 507 692 581 ssesol,
709 507 742 563 L.
760 522 847 579 seper
863 509 1049 575 Proposittep,

371 701 477 759 tamen
498 696 579 757 inlus
603 714 641 755 eo
679 696 780 776 magia
814 696 943 771 inritum
976 694 1118 757 accendit
1142 696 1291 755 animum.

371 778 446 855 Cum
469 798 543 863 ergo
565 784 710 861 peccator
730 779 944 860 antegratisus
959 779 1062 851 iussus
1082 786 1214 858 peccata
1235 798 1292 837 suu

370 861 540 939 discutere,
574 862 748 926 necessario
770 861 849 942 legis
869 862 929 924 Dei
949 881 1069 924 memor
1090 862 1148 938 sit,
1182 869 1293 926 contra

370 963 460 1024 quam
483 946 640 1025 peccavit,
662 963 790 1005 necesse
811 952 878 1023 est,
899 952 933 1006 ut
953 945 1224 1024 concupiscentias
1245 963 1291 1005 re-

369 1026 474 1108 fricet,
506 1034 538 1088 et
570 1026 794 1108 legemsodist,
826 1047 919 1106 quam
948 1028 1017 1099 sols
1039 1028 1139 1108 gratia
1160 1026 1292 1107 diligere

370 1109 452 1173 lacit.
495 1113 539 1171 lta
550 1109 594 1188 lit,
616 1118 649 1171 ut
665 1110 828 1190 hyppcrits
837 1110 911 1191 fitis>
923 1116 955 1171 et
966 1112 1064 1190 peior,
1086 1129 1180 1189 quam
1194 1111 1291 1189 pn‘us,

369 1192 439 1267 dum
463 1194 641 1255 simulatae
662 1192 767 1264 odisee
789 1200 930 1273 peccata,
950 1212 1033 1272 quaa
1054 1213 1126 1256 rere
1148 1212 1209 1253 nec
1224 1192 1293 1253 odit
1377 1257 1378 1260 Ἴ

369 1295 427 1351 nec
447 1276 548 1340 odisse
570 1283 693 1354 potest,
726 1277 786 1340 nisi
806 1275 908 1357 legem
930 1277 1013 1355 prius
1035 1276 1194 1351 dilexerit,
1226 1276 1291 1338 imo
1377 1271 1378 1276 ’

369 1359 437 1439 plue
458 1362 519 1419 iam
542 1359 649 1439 diligat
667 1366 815 1439 peccata,
835 1369 927 1453 quam
949 1353 1048 1439 prius,
1075 1366 1171 1437 atque
1190 1358 1222 1417 id
1247 1360 1292 1438 ip-

369 1460 435 1505 sum
458 1443 483 1506 si
505 1441 640 1519 auderet,
663 1444 730 1512 eine
751 1443 846 1503 dubio
866 1442 1013 1506 fateretur
1034 1443 1164 1521 etipse.
1186 1439 1292 1515 Quape

368 1526 435 1605 ielis
476 1524 691 1605 pestilentibus
723 1532 754 1589 ct
785 1525 950 1588 haereticis
979 1525 1127 1587 doctrinis
1153 1524 1293 1603 repletur
1375 1555 1378 1567 ·

370 1604 691 1687 ecclesie'hypocritis,
713 1607 785 1672 dum
805 1627 875 1683 raro
897 1606 937 1672 de
958 1606 1122 1669 dilectione
1143 1607 1292 1685 iustitiae,

370 1702 492 1770 semper
513 1700 612 1753 autem
631 1690 670 1753 ds
682 1690 754 1767 odio
770 1692 891 1770 peccati
906 1690 1029 1762 docent,
1050 1710 1109 1752 nec
1130 1690 1291 1769 quomodo

368 1772 408 1837 ad
429 1773 660 1853 odiumpecoati
678 1774 883 1853 perveniatur,
905 1775 1078 1852 autsciunt,
1100 1772 1292 1845 autdocent.

452 1856 491 1917 Et
513 1857 586 1936 quid
609 1856 732 1919 moror?
774 1857 850 1917 Cum
873 1858 939 1936 ipse
960 1856 1071 1917 Eccius
1103 1874 1189 1922 meus
1218 1875 1292 1918 cou-

369 1940 467 2019 cedat,
491 1940 618 2005 liberum
641 1939 797 2004 arbitrium
819 1946 891 2011 apte
912 1941 1045 2020 gretiam
1077 1958 1141 2001 non
1174 1938 1292 2016 valere,

371 2024 428 2088 nisi
450 2022 489 2082 ad
519 2022 726 2103 peccandum,
760 2041 821 2101 qus
849 2023 970 2093 insania
1001 2023 1105 2084 dicere
1135 2018 1232 2086 a'udet
1258 2023 1290 2081 in

369 2106 428 2165 ista
438 2104 603 2185 Pelagiana
618 2106 839 2185 propositione,
858 2105 940 2184 quod
954 2124 1018 2168 non
1032 2104 1125 2166 modo
1139 2124 1204 2168 non
1220 2124 1291 2184 pec-
1310 2133 1315 2139 ·
1377 2099 1378 2108 ¹

369 2198 428 2265 cet,
452 2188 507 2252 sed
529 2188 696 2250 secundum
718 2188 913 2269 evangelium
936 2196 968 2263 et
989 2188 1160 2262 secundum
1180 2188 1290 2261 fatres

369 2278 456 2351 egat,
487 2272 539 2349 qui
559 2273 781 2351 poenitentiam
804 2292 824 2342 a,
845 2272 1051 2334 detestatione
1071 2272 1194 2351 peccati
1216 2272 1291 2333 inci-

368 2356 446 2433 piat,
471 2353 532 2415 hoc
553 2362 616 2434 eet,
639 2375 658 2417 a
679 2355 839 2436 peccando
866 2356 1027 2435 poenitere
1048 2355 1192 2434 incipiat,
1219 2373 1289 2427 cum

369 2444 441 2513 ante
461 2438 591 2518 gratiam
613 2458 676 2506 non
698 2439 757 2508 nisi
778 2457 908 2519 peccare
929 2438 1070 2512 deiurio
1091 2438 1228 2510 homine.

452 2519 570 2582 Deinde
592 2523 684 2587 etiam
696 2521 956 2595 Scholasticorum
970 2522 1123 2596 sententia
1138 2527 1197 2600 est,
1214 2540 1288 2593 con-

368 2605 522 2680 tritionem
551 2604 617 2666 fieri
637 2612 791 2686 oportere
821 2606 854 2665 in
885 2606 1030 2681 caritate,
1064 2623 1139 2684 ergo
1175 2606 1288 2667 caritas

390 2688 451 2753 rior
473 2689 665 2751 contritione.
709 2689 751 2748 At
772 2688 881 2761 caritas
903 2707 991 2748 amor
1013 2694 1061 2763 est
1082 2687 1162 2767 legis
1181 2693 1214 2747 et
1234 2707 1288 2756 ro·
1373 2701 1379 2719 ’

249 2772 253 2781 ’
367 2706 491 2843 inritatis
519 2770 651 2831 divinae.
694 2770 785 2848 Quod
813 2772 839 2844 si
867 2777 906 2830 et*
935 2772 1003 2850 ipse
1028 2790 1116 2830 suem
1147 2772 1289 2849 proposi-

368 2855 483 2918 tionem
504 2853 647 2935 intelligit
668 2853 707 2917 de
728 2859 927 2935 peccatorum
948 2853 1154 2921 detestatione
1175 2873 1217 2915 cx
1239 2873 1288 2921 aa

369 2937 458 2997 ritate
480 2935 611 3015 fluente,
644 2944 793 3015 quaeest
823 2955 897 3016 ergo
925 2936 1116 3016 impudentia
1139 2943 1171 3005 et
1192 2945 1288 3009 teure-

366 3020 449 3099 ritas,
472 3019 532 3100 lsoc
545 3019 702 3100 appellare
715 3019 887 3087 doctrinam
900 3039 1024 3096 novam,
1045 3028 1077 3082 et
1099 3021 1288 3080 contrariam

367 3103 529 3184 evangelio
552 3111 583 3163 et
604 3101 634 3171 S.
659 3102 818 3176 Patribus?
840 3101 943 3180 Quare
965 3102 1050 3164 dico:
1088 3101 1121 3164 Si
1142 3104 1287 3182 proposi-

366 3186 482 3248 tionem
515 3206 601 3248 suam
626 3205 713 3249 meae
744 3186 811 3246 vult
842 3205 912 3247 esse
943 3185 1145 3259 contrariam,
1180 3185 1288 3262 haere

335 3299 340 3316 ·
367 3269 475 3350 ticam,
505 3269 700 3350 Pelagianam
724 3275 809 3337 tenet
830 3270 1027 3344 sententipm:
1056 3269 1081 3328 si
1102 3274 1286 3348 consonam,

368 3359 481 3424 temere
517 3363 553 3412 et‘
569 3353 660 3412 stulte
688 3371 757 3428 eam
780 3372 893 3428 noram
922 3352 1094 3424 doctrinam
1124 3359 1156 3425 et
1178 3361 1289 3424 contm

367 3435 560 3516 evangelium
585 3455 653 3498 esse
675 3438 800 3510 iactitat.

451 3517 570 3597 Deinde
591 3538 650 3579 neo
672 3519 871 3596 Aristotelem
895 3538 982 3592 suum
1001 3517 1160 3598 intelligit,
1182 3520 1236 3598 qui
1258 3525 1289 3592 et

363 3601 442 3683 ipse,
465 3601 537 3662 licet
558 3620 667 3680 caecus
686 3603 820 3682 gentilis,
843 3603 962 3675 acutius
972 3607 1075 3666 tamen
1097 3600 1194 3662 Eccio
1215 3621 1287 3667 meo

368 3681 457 3762 vidit,
491 3702 612 3751 omnem
635 3693 737 3748 actum
760 3686 878 3747 virtutis
899 3684 939 3752 ab
961 3684 1114 3759 electione
1135 3684 1236 3749 libera
1257 3691 1288 3745 st

263 3825 267 3832 ,
368 3768 526 3829 voluntate
558 3787 595 3829 ac
618 3788 724 3830 amore
751 3767 921 3848 proficisci,
954 3774 1047 3846 atque
1079 3769 1286 3847 privationem

368 3868 426 3910 nec
445 3851 533 3909 nosci
555 3857 613 3910 trec
635 3851 713 3912 odiri
734 3871 838 3932 posse,
860 3853 918 3926 pisi
938 3852 1108 3930 cognitact
1127 3858 1234 3923 amata
1253 3869 1286 3915 re

320 3945 324 3952 “
367 3934 517 4082 Rjssssffilflp
544 3940 704 4028 peceatum
727 3942 830 4011 autaut
852 3935 1056 4030 privationem
1085 3953 1156 4007 esse
1178 3953 1286 3994 omnes
1310 3950 1319 4022 Ο·

400 4021 487 4094 etet,
508 4022 652 4092 mestrem
674 4023 778 4094 astru
797 4037 863 4094 rem
885 4024 1061 4096 periurum.
