3075 4775
346 531 411 596 ⁴24
597 531 1032 590 messanensem

430 719 565 782 Possunt
595 728 699 786 autem
718 721 774 783 iila
796 723 841 782 sie
862 719 1010 794 disserui:
1043 721 1114 782 Duo
1137 729 1273 783 vestrum

346 805 539 881 eonvenitis,
577 813 608 864 tu
642 823 749 865 narsus
781 805 894 884 prior,
921 805 974 866 iile
1007 806 1085 866 alter
1116 807 1275 884 posterior

347 887 490 966 loquitur.
532 887 603 948 Nou
627 888 717 968 igitur
738 887 904 948 admodum
927 887 1078 950 sollieitus
1096 890 1138 948 sis
1161 889 1202 949 de
1224 909 1273 966 eo,

348 971 431 1049 quod
453 977 485 1030 tu
508 970 595 1046 dieis,
618 971 672 1030 sed
695 973 794 1031 maior
816 973 951 1031 oura'sit
972 971 1011 1032 de
1032 973 1088 1050 iis,
1116 991 1199 1050 quae
1222 993 1274 1031 au-

348 1053 395 1113 dis
416 1053 456 1115 ab
478 1054 533 1114 iilo
555 1053 664 1128 sltero,
687 1055 738 1133 qui
760 1055 973 1114 remissionem
996 1061 1195 1134 peooatosum
1214 1055 1272 1114 Dei

347 1137 474 1197 nomine
494 1137 550 1198 tibi
572 1138 747 1197 annunciat.
1296 1200 1305 1218 ,

429 1219 538 1299 Neque
560 1219 687 1279 muitum
709 1221 817 1292 refert,
841 1221 906 1280 sive
928 1223 954 1279 is
977 1221 1016 1280 sit
1037 1220 1196 1297 sacerdos,
1219 1231 1271 1308 aut

347 1301 486 1382 publions
509 1302 660 1363 eeclesiae
682 1304 829 1381 minister,
852 1305 916 1372 sive
938 1303 1015 1362 alius
1038 1296 1162 1382 ‹juidam
1187 1303 1272 1364 chri-

348 1387 473 1446 stianus.
516 1386 593 1445 Nam
616 1386 760 1463 verbum,
794 1386 877 1464 quod
901 1387 1051 1465 loquitur,
1085 1406 1147 1446 non
1170 1405 1272 1464 suum,

347 1468 402 1529 sed
423 1469 482 1529 Dei
504 1476 565 1544 est,
601 1474 633 1530 et
653 1469 736 1528 Deus
772 1488 833 1528 non
865 1470 991 1528 minoris
1020 1469 1094 1528 iiiud
1117 1471 1271 1546 aestimat,

347 1569 439 1631 quam
460 1553 485 1611 si
506 1553 573 1630 ipse
595 1562 693 1612 tesum
717 1554 838 1611 loeutus
860 1552 980 1630 inisset,
1003 1551 1086 1612 adeo
1105 1554 1136 1610 in
1161 1571 1272 1613 omnes

346 1633 478 1713 angulos
501 1634 636 1694 divinum
660 1655 749 1694 suum
772 1635 898 1695 uerbum
922 1635 1005 1694 Deus
1027 1637 1147 1714 sparsit.
1192 1636 1271 1695 Gum

346 1735 422 1797 ergo
450 1716 561 1795 ubique
586 1719 713 1778 verbum
734 1718 792 1778 Dei
815 1718 903 1778 nobis
934 1719 973 1777 sit
995 1719 1185 1797 expositum,
1220 1720 1271 1777 de-

347 1799 454 1860 bemus
477 1819 546 1860 oum
568 1803 731 1880 gratiorem
755 1802 879 1860 sotione
907 1801 980 1860 iliud
1013 1802 1172 1880 ompieeti,
1208 1821 1270 1862 non

346 1889 545 1944 oontemsere
565 1891 617 1944 aut
639 1884 805 1964 negligere.

429 1967 604 2043 Praetereo,
645 1965 904 2047 quemadmodum
942 1975 1187 2042 sacramentum,
1227 1969 1272 2027 its

346 2049 420 2110 iliud
449 2050 590 2126 verbum,
624 2050 706 2130 quod
734 2070 771 2110 ex
800 2049 961 2109 sacerdote
989 2050 1090 2125 audis,
1124 2069 1189 2110 non
1213 2053 1271 2110 nisi

345 2132 397 2191 ad·
417 2141 499 2192 tuam
539 2152 703 2211 personum
738 2132 874 2192 retertur.
929 2132 961 2191 ln
998 2132 1128 2212 pubiiois
1167 2143 1270 2192 autem

347 2215 549 2274 eonoionibns
571 2216 600 2274 in
621 2216 730 2298 vulgus
753 2216 857 2275 evniat
880 2216 1054 2294 promissio,
1076 2223 1108 2276 et
1129 2219 1271 2294 quamvis

345 2296 385 2355 ad
407 2303 438 2356 te
461 2317 583 2376 quoque
606 2301 772 2378 pertineat,
811 2317 873 2358 non
897 2308 999 2358 tamen
1037 2300 1209 2358 imbertus
1232 2302 1271 2358 de

347 2396 386 2440 aa
406 2399 475 2441 esse
498 2389 598 2461 potes.
643 2382 758 2443 Verum
778 2383 827 2442 hie
849 2380 879 2441 id
902 2384 931 2441 in
956 2381 1153 2443 ooniessione
1175 2383 1215 2443 ad
1240 2394 1270 2443 te

311 2495 313 2499 ·
346 2482 438 2523 onum
471 2465 595 2541 dieitur,
629 2475 661 2526 nt
696 2485 821 2546 prorsus
854 2465 928 2525 nihil
961 2466 1000 2525 de
1031 2467 1190 2527 voluntate
1212 2466 1270 2526 Dei

346 2565 419 2627 erga
456 2560 485 2606 te
507 2548 637 2609 dubites.
682 2548 744 2609 iarn
769 2551 794 2609 si
818 2549 884 2629 quis
912 2554 994 2609 esset
1017 2550 1047 2608 in
1072 2548 1147 2609 orbe
1169 2550 1269 2624 ioous,

345 2631 375 2689 in
398 2647 459 2707 quo
482 2630 620 2691 Christus
642 2633 709 2712 ipse
731 2639 832 2691 teoum
856 2630 949 2691 veliet
972 2631 1067 2709 loqui,
1089 2633 1151 2691 imo
1175 2652 1269 2712 ange-

347 2713 393 2772 ius
424 2712 565 2793 qnidam,
601 2733 663 2774 non
685 2714 838 2790 Christus,
874 2732 912 2774 an
946 2732 1008 2775 non
1038 2714 1077 2773 ad
1111 2722 1270 2776 extremos

345 2813 441 2874 nsque
464 2796 567 2857 mnndi
589 2798 720 2877 angulos
743 2796 896 2877 curreres,
919 2806 952 2856 ut
973 2795 1078 2857 erudire
1100 2798 1271 2859 eoelestem

345 2896 451 2938 rocem
475 2881 597 2959 possis?
913 2874 934 2889 ”

428 2960 514 3035 Quae
537 2981 611 3042 ergo
634 2971 682 3023 est
702 2966 755 3022 iiia
779 2965 919 3038 miserie,
953 2982 1032 3041 quae
1055 2962 1107 3021 iiia
1128 2963 1270 3039 stultitia,
1317 2994 1319 2997 ’
1395 2980 1396 3001 ¹

343 3062 423 3122 quae
443 3045 652 3126 ingratitudo?
682 3055 714 3104 ut
736 3045 812 3119 hoe,
837 3044 919 3124 quod
944 3044 1033 3108 nobis
1056 3044 1181 3123 dieitur,
1204 3064 1268 3107 non

344 3126 525 3188 audiamus?
558 3128 713 3208 Soriptura
735 3136 865 3189 testatur
887 3128 985 3187 Deum
1008 3146 1064 3208 per
1084 3146 1142 3187 nos
1166 3137 1269 3188 teenm

344 3210 442 3288 ioqui,
475 3230 573 3291 neque
607 3213 706 3270 miuus
728 3214 758 3271 in
783 3212 897 3274 nostris
919 3210 1020 3271 verbis
1042 3209 1165 3290 pondus
1187 3230 1269 3290 esse,

343 3310 432 3369 quam
455 3295 481 3354 si
501 3296 568 3374 ipse
590 3313 737 3375 praesens
766 3296 921 3375 praesenti
950 3295 1139 3373 loqueretur,
1171 3302 1204 3353 et
1225 3306 1269 3355 ta-

343 3394 412 3434 men
436 3378 609 3458 negligitur.

425 3459 475 3519 sis
508 3463 588 3521 enim
617 3460 755 3520 (ihristus
786 3460 858 3519 uiuit
887 3460 993 3521 Matth.
1021 3464 1075 3523 18:
1110 3459 1169 3520 Ubi
1204 3460 1268 3520 duo

344 3541 390 3598 vei
413 3549 475 3602 tres
499 3545 680 3623 oongregati
708 3551 780 3603 sunt
808 3544 837 3601 in
862 3544 986 3603 nomine
1009 3560 1095 3619 meo,
1130 3543 1171 3603 ibi
1197 3562 1268 3603 sisoi

282 3685 286 3691 ,
342 3625 372 3681 in
396 3624 497 3685 niedio
531 3644 646 3686 eorum.
691 3627 764 3685 item
788 3626 893 3687 lohan.
917 3630 972 3691 20:
1006 3625 1269 3707 Quorumounque

342 3709 516 3768 remiseritis
539 3716 684 3789 peooata,
715 3710 910 3769 remittuntur
931 3710 990 3788 eis,
1012 3725 1268 3790 quorumeunque

341 3792 538 3869 retinueritis,
561 3800 680 3851 retenta
704 3799 783 3851 sunt.
827 3791 879 3852 flio
900 3792 986 3853 Deus
1008 3794 1075 3871 ipse
1093 3792 1268 3853 ¹absoiutio-

340 3892 410 3933 nem
439 3875 470 3933 in
494 3874 689 3934 confessione
717 3874 804 3948 dioit,
848 3874 1106 3954 quemadmodum
1140 3892 1267 3955 quoque

340 3956 486 4017 infantem
509 3957 577 4035 ipse
600 3957 697 4034 Deos,
724 3974 788 4018 non
812 3956 973 4037 sacerdos,
995 3954 1147 4037 baptizat,
1169 3966 1199 4018 et
1222 3964 1266 4019 ta·

340 4057 409 4097 men
433 4039 571 4100 dicemus
593 4058 651 4100 nos
674 4040 874 4101 confessione
896 4060 959 4101 non
973 4040 1096 4101 babere
1118 4040 1222 4119 opus?
