3075 4775
503 574 574 631 altr.
594 574 628 628 da
647 579 783 644 potestate
802 571 901 644 Papae.
1095 570 1157 639 323

232 760 411 822 committat
423 761 454 821 ia
468 773 619 824 summum
633 760 821 843 pontificem,
844 773 936 841 quam
947 780 1006 843 ogo
1023 779 1157 841 unquam

231 863 327 904 assus
357 862 459 905 assem
482 846 628 926 cogitare.
672 846 790 924 Primo,
816 862 877 904 non
908 846 1007 905 solum
1031 845 1158 926 frigidos

233 928 366 1006 asserit,
404 928 459 987 aad
482 935 513 987 ct
533 936 629 1009 negat
650 935 682 989 et
703 930 858 1008 prohibet,
894 946 931 987 ac
953 928 1079 988 damnat
1103 947 1157 988 eoa

234 1028 375 1071 canones
408 1020 440 1071 et
469 1014 664 1090 oanonistas,
697 1013 747 1090 qui
780 1012 950 1071 Romanum
980 1010 1157 1093 pontificem

232 1095 423 1175 prinoipem,
456 1102 563 1175 caput,
596 1112 765 1171 summum,
803 1097 967 1155 maximum
991 1094 1159 1175 appeliant.

234 1177 358 1237 Deinde
379 1179 543 1257 primatum
564 1180 592 1237 ei
615 1179 757 1239 auferens
779 1180 900 1259 penitus
930 1196 998 1237 curn
1034 1178 1158 1255 reliquis

234 1262 405 1341 primarum
417 1261 537 1321 asdiuna
546 1263 710 1342 episcopis,
722 1260 753 1320 id
767 1268 823 1337 est,
835 1262 1024 1341 patriarchis,
1036 1267 1159 1339 aequat.

235 1343 295 1405 Ubi
318 1351 391 1403 sunt
412 1363 504 1424 ergo,
527 1347 578 1424 qni
600 1364 650 1405 me
672 1364 753 1405 nova
776 1346 917 1424 posuisse
940 1347 1086 1425 garriunt,
1108 1344 1159 1423 qui

235 1426 436 1508 frigidissima
460 1429 590 1489 Decreta
609 1428 674 1488 dixi
694 1430 878 1509 superiora,·
902 1428 1062 1505 ascisco,
1096 1444 1159 1488 non

234 1513 352 1589 inique.
394 1510 474 1570 Nam
495 1511 546 1571 hic
574 1530 674 1573 canon
708 1511 832 1571 concilii
853 1512 989 1572 Africani
1020 1530 1058 1572 eo
1091 1510 1159 1591 pius

236 1594 295 1654 iiiia
318 1593 539 1672 praeferendus
568 1603 631 1673 est,
666 1614 727 1675 quo
761 1594 884 1677 longius
920 1594 958 1655 ab
991 1595 1160 1655 ambitione

235 1679 366 1761 recudit,
387 1682 421 1736 et
439 1679 654 1759 evangelicam
676 1678 859 1739 modestiam
883 1680 973 1758 sapit.
1150 1690 1152 1696 '

320 1760 382 1833 Qui
403 1778 480 1842 ergo
513 1780 563 1821 me
601 1763 788 1822 haereticum
821 1768 985 1839 accusant,
1018 1760 1160 1839 obsecro,

165 1898 169 1903 ,
237 1848 369 1923 parcant
389 1844 499 1905 saitem
521 1846 592 1905 huic
612 1847 735 1917 canoni,
757 1848 783 1905 si
797 1846 871 1905 mihi
892 1844 1002 1905 nolunt
1024 1862 1160 1925 parcere.

236 1926 307 2007 Ego
329 1928 436 1987 omnia
468 1928 592 2008 admisi,
624 1945 826 2008 quaecunque
847 1928 989 1988 Romano
1023 1924 1160 2007 pontifici

237 2010 334 2070 hodie
356 2010 539 2090 tribuuntur,
562 2030 627 2072 rem
649 2031 712 2072 non
737 2031 829 2093 nego,
851 2012 932 2071 iacto
956 2029 1018 2070 non
1041 2017 1161 2070 contra·

237 2092 320 2170 dieo,
342 2093 399 2153 sed
413 2094 452 2153 de
473 2096 538 2155 iure
559 2096 624 2155 eius
646 2095 769 2175 disputo
794 2100 824 2154 et
845 2095 961 2156 sentio:
985 2093 1076 2169 Quod
1098 2112 1160 2153 non

237 2178 305 2237 iura
326 2175 450 2255 divino,
473 2178 528 2238 sed
550 2178 682 2238 desistis
704 2178 861 2238 hominum
885 2178 959 2237 talia
982 2178 1160 2241 tribuantur.

238 2259 322 2334 Quid
343 2262 478 2341 amptius
500 2261 672 2321 iaciendum
699 2261 774 2322 mihi
796 2261 863 2321 esti
897 2279 934 2320 an
969 2278 1031 2321 non
1062 2260 1161 2321 solum

238 2343 341 2404 debeo
364 2344 478 2404 iactum
500 2343 650 2424 confiteri,
674 2345 836 2407 sedetiam
851 2344 1019 2405 mendaciis
1044 2350 1074 2406 st
1097 2360 1161 2404 cor·

238 2425 436 2508 captionibus
451 2428 626 2508 Scripturas
647 2430 728 2490 idem
745 2429 901 2489 stabilire?
923 2427 1021 2488 Absit.
1064 2427 1161 2508 igitur

239 2512 385 2588 damner,
408 2519 553 2589 qnantum
577 2512 699 2590 volunt,
721 2511 772 2572 hic
793 2511 894 2572 habeo
918 2529 1086 2588 canonem,
1111 2511 1161 2588 qui
1207 2523 1211 2530 ·

239 2593 369 2654 damnat
390 2594 564 2655 Romanum
586 2595 764 2676 pontificem
801 2595 1006 2655 universalem
1041 2590 1160 2674 pontifl-

241 2697 309 2738 cem
332 2679 454 2756 vocari,
496 2679 579 2758 quod
608 2698 667 2761 ego
703 2686 806 2739 tamen
830 2694 985 2758 nunquam
1008 2677 1160 2737 damnavi.
1241 2731 1246 2741 .

240 2760 304 2822 Sed
325 2758 476 2820 addamus
499 2761 596 2842 plura.

326 2843 445 2904 ibidem
475 2844 618 2926 Pelagius
652 2845 794 2905 omnibus
818 2845 971 2925 episcopis
1006 2841 1161 2902 scribitis

242 2927 325 2986 bunc
357 2927 495 2988 modum:
543 2929 651 2988 Nullus
685 2928 925 3008 patriarcharum
957 2926 1161 3000 universitatis

246 3011 400 3071 vocabulo
423 3029 556 3091 unquam
580 3019 688 3072 utatur.
733 3010 812 3085 Quia
835 3013 860 3070 si
890 3030 966 3070 unus
989 3007 1163 3089 patriarcha

243 3095 427 3154 universalia
449 3095 567 3172 dicitur,
590 3095 831 3174 patriarcharum
853 3113 966 3154 nomen
982 3093 1090 3153 ceteris
1113 3091 1163 3152 de-

243 3186 378 3259 rogatur.
424 3178 484 3240 Sed
507 3179 587 3239 absit
596 3179 657 3239 hoc
667 3198 686 3238 a
697 3177 839 3238 fidelibus
854 3177 912 3237 sibi
924 3178 1005 3236 veiis
1015 3174 1046 3253 ¹)
1060 3193 1162 3258 quem·

243 3265 326 3342 piam
351 3262 501 3342 arripere,
537 3263 619 3322 unde
640 3263 791 3321 honorem
819 3262 942 3320 fratrum
966 3277 1088 3320 suorum
1110 3261 1163 3317 im-

245 3347 383 3406 minuere
411 3367 451 3407 ex
473 3346 744 3425 quantulacunque
771 3352 858 3425 parte
893 3343 1039 3404 videatur.
1085 3341 1164 3416 Qua-

244 3437 371 3512 propter
393 3432 504 3490 caritas
527 3439 631 3489 vostra
652 3431 806 3490 neminem
829 3447 980 3508 unquam,
1018 3427 1109 3486 ctiam
1134 3427 1163 3484 in

245 3515 478 3595 epistolissuis,
501 3514 706 3574 universatem
721 3511 867 3592 appellet,
891 3509 1004 3570 nasibi
1027 3509 1162 3569 debiturn

245 3597 414 3674 subtrahat,
437 3615 505 3656 curn
528 3597 617 3656 alteri
639 3597 788 3657 bonorem
811 3595 902 3654 insert
922 3593 1101 3654 indebitum.

329 3679 433 3758 Vides,
456 3679 539 3759 quod
561 3680 688 3740 honoris
709 3679 835 3739 fraterni
856 3679 1028 3737 imminutio
1049 3677 1103 3751 sit,
1140 3675 1165 3734 si

247 3785 324 3828 unus
347 3766 489 3825 omnibus
511 3765 710 3844 praeferatur,
733 3765 825 3823 etiam
849 3761 991 3821 Romano
1015 3757 1164 3841 pontifice

245 3859 363 3914 autore.
458 3883 462 3892 ·

247 3988 667 4002 ..-.--.-.-------

282 4045 313 4110 1)
335 4045 366 4098 In
397 4043 462 4100 edit.
489 4042 597 4112 priore:
625 4039 674 4094 sed
694 4039 766 4092 absit
785 4037 838 4090 hoc
857 4051 873 4089 a
893 4035 1018 4090 fidelibus
1040 4033 1092 4085 hoc
1111 4031 1166 4083 sibi

245 4117 318 4171 velis
337 4126 388 4172 etc.
691 4119 695 4124 '
891 4179 953 4240 w
