3075 4775
528 547 635 616 Lipsiae
652 550 681 601 iu
701 562 764 601 arce
783 547 902 602 babitus.

254 754 315 797 uon
351 741 401 797 est
435 737 487 815 qui
509 737 650 815 exquirat
675 736 786 799 Deum.
828 735 943 797 Omnes
971 735 1174 819 deflexerunt,

254 820 342 879 simul
365 820 490 881 inutiles
512 818 585 881 facti
607 826 688 896 sunt,
712 839 775 883 non
797 822 916 899 estqui
938 820 1032 888 faciat
1048 821 1173 900 bonum,

254 922 315 963 non
343 908 392 962 est
428 922 526 982 nsque
553 902 593 963 ad
615 923 718 964 unum.
764 902 855 977 Quod
883 904 910 963 si
942 922 963 964 a
989 905 1173 971 uobisboni

254 985 369 1065 aliquid
400 985 534 1049 faciendi
566 987 683 1049 initium
710 994 811 1064 esset,
841 1005 895 1047 cur
923 986 1059 1048 Christus
1089 989 1202 1050 iubet*

253 1087 310 1130 nos
340 1089 398 1148 pro
427 1070 527 1149 gratia
549 1088 653 1148 orare,
687 1076 718 1131 et
745 1072 778 1131 in
804 1070 968 1132 Dominica
995 1074 1174 1151 precatione

254 1151 357 1214 dicere
379 1172 437 1215 nos
455 1152 562 1215 docet:
580 1152 651 1223 ,Tua
667 1154 809 1215 voluutas
831 1152 893 1230 fiat,
914 1153 1173 1233 quemadmodum

254 1237 283 1297 in
307 1236 415 1314 coelo,
448 1238 493 1297 sio
524 1238 615 1296 etiem
637 1238 668 1297 in
691 1243 782 1300 terra.
826 1235 896 1311 Quo
919 1237 1081 1315 probatur,
1113 1256 1173 1299 noa

253 1319 311 1381 Dei
341 1319 533 1389 voluntatem
556 1320 658 1384 facere
684 1339 747 1381 non
770 1338 865 1400 posse
887 1339 926 1380 ex
945 1319 1044 1382 libero
1067 1327 1174 1384 nostro

254 1403 392 1465 arbitrio.
1078 1449 1080 1456 .

336 1485 426 1547 Ultra
448 1487 598 1565 sequitur,
623 1485 751 1548 liberum
772 1486 929 1549 arbitrium
951 1504 1107 1563 nunqnam
1128 1485 1173 1545 sio

253 1571 311 1629 rite
331 1570 487 1632 nominari
509 1576 562 1630 aut
583 1570 697 1649 accipi,
720 1570 778 1629 nisi
800 1569 858 1632 Dei
880 1571 979 1649 gratia
998 1567 1171 1632 redimitum

254 1654 308 1729 sit,
341 1653 418 1713 citra
448 1670 538 1732 quam
560 1654 658 1733 magis
687 1653 941 1715 serva‘voluntas
961 1647 1054 1731 quam
1076 1650 1174 1714 libere

254 1736 429 1797 vocandum
453 1743 527 1797 erat.
569 1736 737 1797 Nam.sine
758 1737 858 1816 gratia
878 1735 1029 1797 uoluntati
1051 1734 1172 1796 divinae

253 1838 287 1881 se
311 1838 375 1880 non
397 1825 590 1899 attemperat,
613 1819 667 1881 sed
689 1839 764 1881 suae
785 1820 881 1899 ipsius
904 1820 1068 1890 voluntati,
1092 1837 1173 1897 quae

253 1922 411 1982 nunquam
438 1901 522 1965 bona
543 1912 599 1963 est.
642 1904 751 1965 Libera
779 1901 903 1982 quidem
930 1904 961 1961 in
985 1901 1085 1963 Adam
1106 1902 1172 1981 fuit,

253 2006 361 2047 verum
382 2004 465 2047 nnnc
485 2006 540 2065 per
561 1984 683 2067 lapsum
704 1988 800 2067 ipsius
821 1984 942 2066 perdite
963 1993 995 2047 et
1013 1986 1047 2051 in
1064 2003 1172 2064 pecca·

254 2071 291 2131 tis
321 2076 429 2148 capta,
465 2089 578 2131 nomen
609 2069 759 2132 duntaxat
788 2068 937 2131 libertatis
968 2070 1096 2146 retinet,
1133 2087 1172 2133 eo
1283 2138 1286 2148 ,

254 2152 338 2233 qnod
359 2152 456 2213 libera
483 2153 582 2231 fuerit,
613 2160 649 2214 et
681 2174 736 2233 per
770 2154 900 2233 gratiam
937 2172 1040 2214 rursus
1071 2151 1173 2215 libers

253 2234 412 2312 reddenda
433 2237 481 2299 sit.

257 2364 260 2371 .
336 2318 449 2397 Quare,
473 2321 497 2381 si
519 2321 588 2398 quis
601 2320 679 2381 scire
693 2321 805 2399 cupiat,
828 2318 986 2399 quomodo
1007 2320 1079 2380 iusti
1101 2338 1169 2380 eva

254 2404 326 2465 dere
349 2409 380 2464 et
401 2402 485 2466 bona
506 2405 626 2483 operari
649 2404 826 2482 debeamus,
849 2423 933 2482 quae
953 2405 1015 2466 iam
1037 2403 1172 2484 vulgaris

255 2495 286 2558 et
306 2488 509 2549 usitatissima
523 2489 663 2565 quaestio
685 2494 741 2564 est,
764 2489 848 2567 prins
868 2487 944 2564 dixi,
965 2490 1096 2567 primum
1111 2487 1174 2549 boc
1229 2532 1231 2535 -

254 2579 284 2632 et
304 2571 504 2651 praecipuum
527 2589 612 2649 esse,
646 2574 679 2632 ut
701 2571 779 2632 sciat
799 2570 928 2648 aliquis,
962 2570 1046 2649 quod
1073 2590 1114 2630 ex
1137 2589 1172 2630 se

253 2656 320 2734 ipso
343 2671 407 2714 non
424 2655 522 2733 possit
542 2654 638 2722 iustus
659 2653 736 2731 fieri,
757 2661 811 2714 aut
831 2653 910 2714 bene
924 2673 1027 2733 agere,
1041 2652 1172 2733 proinde

254 2738 291 2798 de
312 2756 349 2798 se
369 2737 445 2816 ipso
462 2736 604 2816 desperet
627 2744 766 2818 oportet,
799 2755 908 2798 manus
930 2744 962 2796 et
982 2735 1079 2816 pedes
1100 2737 1172 2797 t'em'

253 2821 425 2900 permittat,
452 2820 513 2883 hoo
534 2828 606 2899 est,
620 2841 742 2882 suarum
764 2821 872 2880 virium
891 2826 926 2880 et
947 2839 1075 2899 operum
1097 2817 1172 2878 fidu·

254 2906 332 2964 ciam
355 2901 490 2979 obiiciat,
511 2923 545 2963 se
567 2904 883 2984 tanquemhominem
903 2903 1042 2964 inutilem
1066 2918 1171 2962 coram

254 2987 364 3048 divinis
389 2987 485 3048 oculis
506 2994 643 3067 reputet,
666 2995 698 3048 et
719 2989 764 3048 sic
784 2988 916 3068 gratiam
936 2987 995 3048 Dei
1017 2986 1172 3066 imploret,

252 3073 283 3132 in
319 3089 382 3149 quo,
413 3070 482 3132 sola
514 3069 640 3134 firmiter
674 3071 830 3133 confidere
851 3071 953 3149 debet
997 3069 1056 3144 Qui
1078 3070 1171 3131 aliam
1287 3145 1292 3154 .
1374 3124 1375 3151 ,

253 3155 480 3218 rationemraut
512 3156 591 3216 viam
621 3153 661 3216 ad
691 3156 837 3216 iustitiam
858 3154 1059 3236 perveniendi
1080 3153 1173 3216 docet

253 3245 306 3300 aut
328 3239 456 3316 quaerit,
478 3257 569 3316 quam
591 3239 673 3301 hano
692 3240 929 3319 praescriptam,
950 3239 1001 3298 bic
1022 3243 1120 3317 errat,
1140 3243 1172 3300 et

253 3329 313 3384 tem
339 3340 390 3398 se,
419 3340 509 3400 quam
531 3322 610 3383 ulios
633 3321 767 3401 seducit,
799 3331 832 3383 ut
852 3323 968 3384 faciunt
989 3322 1034 3384 illi
1055 3324 1107 3401 qui
1129 3320 1171 3383 di·

254 3411 342 3467 cunt:
365 3404 460 3482 Heus,
482 3412 513 3466 tu
536 3405 663 3468 liberam
677 3407 868 3469 voluntatem
888 3406 996 3484 habes,
1016 3406 1171 3485 facquan·

252 3496 317 3548 tum
338 3489 371 3546 in
393 3493 424 3548 te
446 3495 510 3566 est,
542 3489 625 3551 Deus
648 3491 740 3550 etiam
762 3510 852 3550 ouum
873 3491 980 3568 faciet,
1014 3498 1046 3552 at
1068 3489 1171 3570 dispu-

252 3579 329 3648 tant,
350 3571 525 3633 hominibus
548 3593 610 3634 nou
633 3574 879 3653 persuadendum
902 3593 991 3653 esse,
1013 3581 1047 3639 ut
1067 3574 1107 3634 de
1127 3575 1172 3652 ip·

252 3657 293 3716 sis
321 3654 496 3735 desperent.
542 3656 667 3719 Minime
689 3657 813 3741 quidem
834 3656 901 3718 fieri
922 3656 1030 3737 debet,
1066 3664 1098 3718 ut
1120 3657 1170 3716 de·

253 3739 438 3819 sperationis
460 3739 551 3800 alicui
573 3747 697 3802 autores
720 3743 825 3802 simus.
867 3741 980 3802 Verum
1002 3741 1042 3802 de
1064 3742 1170 3820 despe·

253 3823 372 3882 ratione
410 3822 552 3884 distincte
582 3823 758 3886 docendum
790 3830 865 3886 erat.
907 3825 955 3886 De
985 3827 1084 3906 gratm
1107 3823 1172 3888 Dei

254 3891 422 3968 dbtinendu
455 3925 547 3968 nemo
581 3909 741 3988 quisquam
774 3907 939 3989 desperare
967 3909 1081 3987 debet,
1115 3903 1171 3966 ned

254 3997 361 4052 contra
388 3997 484 4052 totum
507 3991 654 4054 mundum
676 3991 824 4054 adversus
847 3995 951 4055 omnia
970 4000 1100 4074 peccata
1120 3987 1170 4050 fir-

253 4074 341 4136 miter
353 4073 412 4136 Dei
434 4073 644 4138 misensordia
654 4073 823 4155 nitendum,
844 4083 878 4138 at
898 4076 985 4140 dese
998 4080 1069 4157 ipso
1085 4091 1170 4154 pror·
