3075 4775
587 554 622 612 d‘e
639 557 771 626 passione
789 553 900 610 Cliristi.
1069 541 1074 549 ¹
1136 539 1209 640 “bib

288 748 386 808 oratio
420 746 489 810 erit
530 743 759 824 Nonnunquam
789 742 916 823 accidit,
953 750 987 804 ut
1015 759 1071 824 pro
1095 761 1144 804 ¹ea
1174 749 1208 803 r'e

287 814 413 911 pr¹orsua
437 847 501 890 non
524 847 663 905 oremus,
693 827 726 886 id
756 827 839 907 quod
862 825 945 888 Deus
966 845 1091 906 quoque
1113 825 1209 904 norit,

286 931 388 993 neque
423 915 504 973 enirn
540 922 662 991 semper
689 912 827 990 spiritum
856 909 895 970 ad
924 909 1072 970 orandum
1104 909 1209 988 donat,

287 1004 319 1056 et
339 995 406 1056 vult
438 994 513 1056 illud
546 993 661 1054 donum
684 997 810 1054 omnino
834 1011 902 1053 esse
924 993 1071 1072 liberum,
1107 1011 1209 1071 neque

287 1079 445 1159 alligatum
480 1078 530 1138 vel
562 1076 633 1137 loco
663 1077 712 1136 vel
735 1078 866 1157 tempori
887 1076 937 1136 vel
957 1095 1120 1156 personae.
1158 1075 1211 1135 'Fit
1260 1105 1262 1108 ·

287 1162 393 1243 igitur,
426 1169 460 1222 ut
481 1162 623 1242 'graviter
652 1162 867 1239 perturbentur
894 1161 1005 1238 animi,
1044 1178 1112 1219 oum
1133 1157 1208 1218 lllud

287 1246 434 1323 sentiunt,
449 1247 488 1304 'et
509 1253 542 1304 ut
563 1243 656 1304 horno
680 1244 738 1305 sibi
758 1261 884 1323 prorsus
907 1243 1078 1322 displiceat.

370 1329 450 1388 Fieri
471 1336 574 1388 autem
597 1336 718 1406 potest,
747 1334 780 1386 ut
811 1325 865 1386 illa
886 1327 955 1406 ipsa
976 1327 1071 1385 animi
1092 1331 1207 1404 pertur-

288 1411 371 1475 batio
395 1409 441 1470 'sit
471 1411 656 1491 ipsissimum
684 1409 838 1489 passionis
861 1409 973 1469 Christi
996 1427 1091 1488 opus,
1125 1406 1208 1486 quod

286 1496 355 1575 ips'a
376 1495 408 1554 in
429 1494 518 1555 nobis
540 1492 615 1553 nihil
636 1491 699 1552 tale
722 1493 929 1572 cogitantibus
952 1490 1054 1552 efficit.
1090 1489 1208 1566 Quem-

288 1577 456 1637 admodum
492 1595 616 1656 quoque
645 1593 739 1652 saepe
769 1577 899 1654 accidit,
932 1584 964 1635 ut
1000 1575 1051 1654 qui
1082 1573 1207 1655 diligen·

290 1662 407 1721 tissime
431 1661 542 1721 Christ-i
563 1660 740 1740 passionem
764 1658 966 1737 meditantur,
989 1669 1145 1737 nunquam
1160 1655 1210 1716 *ad

289 1746 336 1803 sui
364 1745 459 1824 ipsius
494 1743 703 1823 cognitionem
730 1743 876 1820 veniant,
911 1743 961 1820 qui
992 1749 1097 1800 tamen
1119 1759 1209 1800 verus

289 1828 442 1908 passionis
463 1826 576 1887 Christi
597 1824 731 1896 debebat
752 1843 822 1886 esse
844 1843 925 1886 usus.
960 1823 1006 1883 llli
1027 1825 1119 1904 igitur
1140 1838 1207 1903 pas-

288 1911 384 1971 sionis
408 1910 520 1970 Christi
546 1909 674 1969 fructum
703 1926 778 1969 vera
804 1908 934 1987 habent,
957 1925 1143 1988 quamquam
1166 1907 1209 1966 la·

289 1992 404 2071 tenter,
436 1993 468 2052 hi
503 1999 607 2053 autern
640 1999 759 2052 tantum
787 1992 932 2071 speciem.
976 1989 1016 2050 lit
1045 1993 1089 2049 sic
1114 2007 1208 2068 saepe

288 2076 413 2136 invertit
434 2075 516 2136 Deus
539 2077 657 2154 omnia,
687 2081 719 2134 ut
739 2075 801 2154 illi,
824 2075 875 2155 qui
899 2074 1010 2134 Christi
1032 2073 1208 2153 passionem

290 2159 491 2239 meditantur,
525 2160 600 2219 nibil
623 2161 738 2236 minus,
769 2177 862 2238 quam
889 2156 964 2217 illud
986 2158 1113 2216 iaciant:
1137 2175 1217 2226 oon·¹

289 2251 345 2320 tra,
367 2245 418 2322 qui
440 2241 501 2304 hoc
522 2243 639 2302 faciunt
659 2243 691 2301 in
713 2243 859 2322 speciem,
880 2259 989 2302 revera
1010 2240 1040 2300 id
1064 2241 1187 2302 faciant.

371 2325 580 2405 Duodecimn,
625 2325 774 2385 hactenus
813 2337 933 2385 crucem
968 2333 999 2384 ct
1034 2325 1209 2405 passionem

290 2410 403 2471 Christi
425 2412 639 2485 tractavimus,
661 2410 721 2468 iam
745 2427 869 2489 quoque
892 2409 932 2469 ad
954 2410 1210 2473 resurrectionem

288 2493 482 2554 accedemus.
523 2490 602 2553 Cum
632 2492 726 2553 homo
749 2492 795 2552 sio
816 2510 872 2551 sua
890 2498 1020 2571 peccata
1042 2493 1156 2551 sentire
1180 2498 1211 2551 et

289 2594 481 2658 cognoscere
510 2578 631 2655 incipit,
664 2581 696 2635 et
722 2581 853 2635 terretur
875 2582 1044 2655 conspectu
1068 2581 1210 2653 peccato-

288 2681 355 2721 rum
373 2679 508 2738 suorum,
530 2659 693 2739 diligenter
713 2658 884 2718 cavendum
907 2665 964 2735 est,
987 2676 1026 2717 ne
1048 2656 1091 2716 illi
1114 2665 1210 2716 terro·

288 2763 338 2805 res
366 2745 480 2803 diutius
504 2745 536 2802 in
567 2743 757 2803 conscientia
783 2741 941 2803 haereant.
982 2740 1061 2799 'Nam
1085 2738 1157 2798 inde
1177 2739 1209 2797 iu

287 2826 538 2907 ‘desperationem
566 2826 658 2885 animi
690 2824 931 2906 prolaberentur.
976 2823 1038 2885 Sed
1066 2821 1209 2902 quemad-

291 2911 414 2971 modum
437 2917 566 2991 pecoata
601 2917 633 2969 et
667 2926 775 2969 eorum
802 2908 939 2990 cognitio
969 2907 1121 2968 eChristi
1141 2922 1210 2985 pas-

289 2994 378 3055 sione
401 3000 576 3071 manarunt,
597 2994 641 3052 ita
662 3010 786 3071 quoque
807 2991 979 3072 regerenda
1000 2992 1031 3051 in
1054 2986 1209 3051 Christum

283 3086 369 3156 sunt,
392 3084 423 3137 et
444 3075 663 3138 exonerandae
685 3077 902 3137 conscientiae.

374 3160 544 3240 Diligenter
576 3159 701 3219 cavebis
737 3160 845 3239 igitur,
878 3178 927 3238 ne,
950 3153 1209 3237 quemadmodum

289 3244 426 3323 perversi
449 3243 571 3324 quidam
594 3244 734 3303 homines
756 3240 875 3320 solent,
908 3250 941 3302 tu
962 3258 1084 3320 quoque
1105 3238 1210 3298 facias.

288 3327 367 3387 Nam
390 3345 458 3387 cum
480 3327 525 3386 illi
547 3327 683 3386 sentiunt
703 3332 833 3405 peccata
854 3333 885 3385 et
899 3325 1076 3386 mordentur
1098 3333 1210 3383 acon-

289 3411 428 3488 scientia,
452 3419 610 3471 recurrunt
636 3408 675 3469 ad
698 3409 781 3469 bona
804 3427 900 3488 opera
921 3416 953 3469 et
974 3407 1210 3483 satisfactiones,

288 3494 362 3553 item
385 3493 425 3553 ad
446 3493 663 3573 indulgentias,
686 3509 782 3570 seque
803 3492 887 3552 miris
900 3490 1077 3553 excruciant
1099 3489 1211 3567 modis,

288 3578 349 3636 iam
370 3576 447 3653 huc,
478 3578 540 3637 iam
562 3577 636 3636 illuc
657 3576 852 3655 cursitando,
887 3585 920 3637 ut
952 3594 986 3635 se
1022 3592 1039 3633 e
1074 3572 1210 3653 peccatis

289 3659 438 3721 evolvant
469 3669 501 3720 et
532 3660 698 3741 explicent.
743 3661 855 3721 Verum
885 3660 996 3722 frustra
1027 3656 1058 3716 id
1082 3662 1209 3733 tentant,

289 3762 475 3823 quamquam
496 3743 548 3804 ille
563 3764 630 3805 mos
652 3745 692 3806 de
708 3743 786 3805 falsa
799 3744 911 3804 fiducia
934 3746 964 3804 in
984 3742 1209 3801 satisfactiones

289 3826 369 3887 adeo
390 3826 535 3907 inolevit,
559 3835 591 3887 ut
612 3830 817 3891 miserabilem
840 3828 999 3911 religionis
1022 3826 1140 3884 ruinam
1164 3840 1210 3881 se·

289 3929 359 3970 cum
381 3913 517 3974 traxerit.

371 3994 610 4076 Tertiodecimo,
631 4018 724 4080 porro
747 4001 792 4059 sio
813 3995 933 4057 reiioies
954 3998 1083 4075 peccata
1104 3988 1209 4049 tua‘in

289 4077 460 4157 Christum,
492 4084 517 4142 si
546 4090 724 4144 constanter
751 4080 876 4159 credas,
913 4076 996 4158 quod
1024 4075 1152 4137 vulnero
1179 4078 1210 4133 et
