3075 4775
572 454 594 557 a
606 504 728 559 Nomas
744 510 869 574 excepta
892 456 904 483 Ι
961 540 965 552 ‚
1119 501 1182 568 157

261 690 297 752 ln
318 690 441 752 Christo
463 692 702 771 quiescentibus,
724 710 788 751 nou
810 692 841 751 in
858 688 1000 770 sepulcro
1023 684 1192 771 quiesces?

263 774 349 837 tibus.
393 774 490 835 Porro
521 774 595 855 quid
621 776 733 835 referat
754 773 794 835 ad
815 776 973 853 animam,
1004 794 1116 856 eorpus
1148 778 1179 837 in

262 859 337 935 mari
360 865 415 917 aut
436 860 510 919 abre
532 861 646 919 versari
669 878 706 917 ac
728 878 801 918 nnn
814 858 994 937 quiescere?

342 942 432 1021 ltcm,
451 943 520 1021 quis
543 942 674 1022 (inquit)
708 960 820 1021 corpus
842 941 985 1000 exanime
1008 940 1091 1001 dicat
1112 940 1180 1003 dor·
1198 984 1202 995 ,

263 1025 338 1085 mire
358 1026 391 1083 in
413 1024 515 1104 pace?
536 1024 742 1105 Respondeo'z
764 1022 847 1083 Nihil
869 1024 929 1083 ista
950 1023 1069 1103 argutia
1088 1025 1180 1104 valet,

178 1139 181 1152 ·
261 1125 331 1166 nam
355 1110 550 1187 quiescentes
573 1109 604 1168 in
618 1110 759 1188 sepulcro
783 1118 845 1167 aut
859 1106 985 1167 ubilibet
1012 1109 1180 1169 secundum

263 1208 375 1271 corpus
403 1192 507 1251 iactati
536 1210 606 1252 vere
628 1192 816 1273 quiescunt
809 1210 840 1249 m
863 1188 1003 1266 Christo,
1034 1190 1096 1251 hoc
1123 1197 1182 1271 est,

262 1281 294 1332 ut
314 1275 447 1354 Apocal.
473 1279 526 1338 14:
549 1278 745 1355 requiescunt
766 1295 785 1334 a
804 1272 960 1333 laboribus
982 1275 1055 1347 suis,
1076 1272 1182 1341 videli-

263 1365 311 1417 cet
333 1361 418 1437 quod
443 1364 587 1439 separata
608 1360 711 1418 anima
738 1378 757 1417 a
778 1375 908 1437 corpore
930 1357 990 1415 iam
1013 1376 1075 1416 non
1098 1356 1182 1417 labo-

262 1442 337 1501 rat
328 1460 362 1499 m
388 1460 520 1521 corpore
541 1442 571 1501 in
583 1444 674 1510 variis
696 1441 785 1500 huius
801 1438 905 1499 mundi
917 1438 1076 1499 molestus.
1099 1440 1182 1501 Alio·

178 1584 180 1593 ,
262 1525 340 1603 quin
368 1525 528 1620 quomodo
552 1525 664 1585 Christi
692 1543 804 1603 corpus
832 1524 863 1582 ιιι
892 1522 1033 1602 sepulcro
1056 1522 1183 1619 nega-bit

262 1608 449 1667 dormirem
471 1628 564 1703 pace,
593 1615 625 1668 et
644 1609 803 1687 quiescere
825 1608 856 1665 in
879 1606 964 1685 Deo,
987 1625 1056 1665 cum
1078 1608 1109 1666 in
1136 1612 1183 1667 tot

265 1690 343 1750 locis
367 1690 407 1749 de
429 1710 467 1751 eo
491 1694 536 1751 sic
555 1693 697 1788 loquatur
719 1688 884 1769 Scriptura,
907 1697 938 1749 ct
955 1652 1063 1750 ⁷cantet
1084 1689 1183 1751 eccle·
1275 1708 1284 1726 ⁰

262 1775 322 1833 sia:
346 1773 383 1834 lu
406 1793 485 1854 pace
505 1777 536 1835 in
559 1774 615 1834 id
606 1794 706 1854 ipsum
728 1772 898 1849 dormiam,
922 1780 952 1833 et
973 1774 1182 1857 requiescam3

262 1863 292 1917 et
321 1856 404 1917 Psal.
429 1862 482 1922 16:
523 1858 564 1917 Et
591 1876 663 1917 caro
693 1877 762 1919 mea
792 1857 967 1936 requiescet
988 1856 1018 1931 1)
1057 1858 1088 1916 in
1117 1875 1180 1936 spe

260 1941 337 2000 ltem
348 1935 470 2020 Apoca.
494 1943 545 2003 14:
578 1942 665 2001 Beati
688 1942 739 2020 qui
770 1944 939 2000 moriuntur
971 1940 1002 2000 in
1032 1941 1180 2002 ι)οιιιιιιιι

261 2023 338 2085 Item
362 2024 538 2121 Stephanus
566 2025 635 2084 Act.
662 2030 704 2087 7·
747 2022 978 2083 Obdormivit
970 2044 1000 2084 ιιι
1035 2024 1180 2084 Domino,

262 2106 354 2180 Quod
379 2108 450 2167 sine
472 2106 565 2168 dubio
588 2107 627 2168 de
649 2108 802 2187 corporali
825 2116 923 2167 morte
945 2112 1036 2187 tropo
1050 2108 1182 2203 Scriptu-

262 2209 314 2251 rae
336 2188 457 2252 dicitur
502 2190 534 2251 Si
554 2184 648 2251 Eccio
672 2211 733 2250 non
762 2190 875 2251 dormit
897 2209 1008 2270 corpus
1032 2194 1183 2269 exanime,
1238 2250 1240 2253 .

263 2276 351 2353 sinat,
374 2291 505 2370 quaeso,
527 2273 601 2335 illud
623 2274 755 2335 dormire
776 2276 959 2335 suscitaturo
969 2274 1035 2336 Deo
1059 2281 1090 2334 et
1105 2276 1182 2335 Scri-

262 2363 370 2437 pturae
391 2358 557 2420 autoritati.

237 2456 242 2468 ·
342 2441 379 2501 ln
401 2439 464 2506 fine
486 2441 568 2519 dicit,
590 2442 672 2502 orari
693 2442 814 2503 anobis
813 2460 885 2538 prq
907 2461 995 2521 pace,
1017 2460 1182 2521 nonquam

264 2523 388 2620 habeut,
410 2525 466 2584 sed
489 2545 580 2604 quam
603 2525 718 2585 habere
739 2546 758 2586 a
781 2527 904 2586 miseria
924 2544 1093 2621 poenarum
1112 2543 1183 2584 cou-

264 2609 360 2704 tingat
380 2611 530 2704 purgetis.
551 2607 759 2689 Respondes:
793 2607 863 2670 Hoc
892 2617 940 2668 eat
966 2609 1074 2689 petitio
1103 2609 1183 2688 prin-

264 2692 341 2771 cipii,
366 2693 440 2771 quia
462 2712 523 2773 pax
544 2693 598 2753 illa
619 2693 802 2770 securitatis,
827 2711 918 2772 quam
941 2691 1085 2767 habeant,
1106 2709 1183 2750 non-

265 2775 332 2834 dum
354 2784 405 2835 est
423 2776 564 2855 probata
591 2775 785 2856 Relinquitur
806 2793 900 2856 crg0,
923 2773 1036 2854 quod
1028 2794 1059 2833 m
1080 2793 1184 2854 poena

264 2869 352 2938 sunt,
387 2868 418 2918 et
442 2865 475 2919 ut
496 2859 534 2919 ab
556 2860 614 2920 hac
636 2859 815 2940 solvantur„
850 2865 881 2919 et
906 2877 1017 2938 paoem
1039 2856 1184 2935 babeant,

264 2961 396 3004 oremus.

342 3025 431 3085 Haec
453 3025 558 3084 omnia
579 3025 623 3085 sic
644 3024 717 3086 volo
741 3025 866 3105 dixisse,
890 3032 923 3084 ut
944 3022 1106 3084 ostendam
1129 3042 1179 3084 me

263 3110 402 3190 ignarum
423 3127 494 3167 esse
515 3128 633 3187 eorum,
656 3129 736 3190 quae
756 3112 787 3168 in
802 3109 985 3190 purgatorio
1006 3114 1079 3188 egat
1089 3107 1183 3186 Deus,

263 3196 351 3254 nimis
374 3210 431 3253 eos
447 3190 577 3270 audere,
606 3195 657 3273 qui
690 3192 781 3252 huius
809 3191 1004 3274 ignorantiae
1024 3192 1184 3271 impatien-

263 3283 306 3337 tes
333 3277 441 3358 potius
475 3272 592 3356 fingere
619 3275 728 3336 volunt
755 3294 831 3355 sua,
864 3295 954 3354 quam
981 3273 1121 3335 confiteri
1150 3294 1184 3336 se

263 3362 417 3442 ignorare.
461 3359 531 3419 blec
555 3360 687 3440 probare
717 3379 780 3420 uon
802 3378 945 3439 possum,
974 3357 1028 3418 sed
1056 3377 1115 3418 nec
1141 3357 1186 3418 illi

263 3465 324 3507 sua.
371 3443 475 3518 Quare
496 3452 580 3503 recte
606 3464 676 3503 mea
699 3443 858 3503 conclusio
887 3441 917 3501 id
948 3447 1065 3502 tentum
1088 3440 1185 3502 voluit

263 3547 347 3607 csse,
371 3546 430 3588 nec
451 3527 631 3608 Scripturis,
653 3545 712 3586 nec
732 3524 904 3587 rationibus
926 3523 1099 3605 probatum,
1121 3527 1184 3585 ani·

262 3631 325 3672 mas
358 3619 460 3671 certas
489 3628 559 3670 esse
589 3573 699 3670 saltem
729 3627 838 3671 omnes
866 3607 905 3668 dc
927 3608 1026 3670 salute
1047 3629 1123 3687 sua,
1154 3617 1185 3668 et

262 3695 392 3775 gratiam
413 3696 446 3753 in
470 3694 515 3754 eis
537 3713 599 3754 non
622 3695 738 3775 augeri,
759 3693 881 3772 suflicit,
904 3693 986 3773 quod
1000 3695 1113 3754 scimus
1131 3710 1184 3752 eas

263 3784 322 3861 pati
344 3788 377 3841 ct
399 3799 456 3841 nos
479 3779 591 3840 debere
613 3783 658 3840 eis
681 3797 870 3856 succurrere,
892 3786 996 3841 cetera
1007 3778 1075 3838 Deo
1096 3775 1185 3835 relin-

264 3867 386 3948 quenda
407 3865 477 3926 soli.

343 3953 425 4012 Acta
447 3956 527 4024 sunt„
540 3949 675 4013 haecX.
699 3951 784 4029 lulii,
805 3947 1019 4028 praesentibus
1041 3956 1099 4010 etc.

264 4039 446 4119 Wed.
463 4053 528 4108 Jca.
546 4060 574 4107 ct
590 4051 667 4122 opud
684 4051 814 4105 toccu:
834 4055 963 4120 quiescet

592 4346 706 4372 A.
