3075 4775
501 556 575 621 um.
594 560 629 621 ut
647 558 786 637 potesate
805 551 905 637 ealce
933 577 936 586 ·
1127 540 1188 633 33¹9

268 752 428 831 lectoled,¹
444 751 600 823 ldeo'nou
622 757 750 836 minim}
779 748 860 837 quod
885 762 915 817 et
935 748 1033 818 latios
1051 739 1189 819 intelle'c·
1242 788 1244 796 v

268 845 405 897 teresse
429 840 601 900 ostendunt.
647 840 755 907 Melius
778 840 840 900 Leo
865 860 956 923 supro
977 842 1112 926 petierit,
1142 847 1190 903 s'o·

267 919 428 981 liditatem
443 919 630 1003 intelligens,
652 924 838 983 vocabulum
860 920 970 1005 Cepltt'
989 922 1078 985 bene*
1090 926 1197 986 novit:

266 1002 369 1063 ethic
382 1019 442 1064 nec
459 1006 663 1087 evangelium,
685 1021 744 1067 neo
764 1006 909 1069 Oenones
931 1008 1189 1089 recle‘intelligit.

286 1091 291 1102 ⁴
350 1084 670 1170 Estsutem‘Oephe,
693 1097 773 1151 teste
785 1087 990 1173 Hieronymo,
1012 1089 1115 1171 syrum
1138 1106 1189 1153 vo·

266 1169 426 1250 caltulum,
466 1171 642 1253 significans
676 1170 880 1249 soliditatem,
927 1190 1016 1255 quam
1051 1173 1188 1235 Graecus

266 1257 388 1333 petrum
402 1249 592 1337 velpetram,
616 1255 647 1316 id
671 1264 728 1336 est,
750 1275 858 1317 sexum
875 1257 924 1317 vel
941 1274 1047 1337 rupem
1070 1254 1188 1317 firmam

266 1337 430 1398 oanstuht.
475 1340 528 1399 At·
546 1350 654 1400 noster
687 1340 862 1423 nugator1)
888 1339 1036 1426 κεφαλήν
1069 1354 1188 1425 Ιςπεκεοε

164 1429 165 1436 ’
263 1421 442 1500 pro'cepha
463 1424 584 1503 syriace
606 1425 741 1503 accepit,
779 1428 809 1485 et
842 1430 958 1483 tamen
976 1426 1062 1486 iuter*
1079 1430 1190 1485 'stende

264 1502 410 1563 cationes
433 1504 484 1565 tel
502 1507 618 1587 primus
639 1504 778 1571 habetur.
821 1506 900 1567 Nam
918 1506 953 1567 in
966 1493 1188 1586 Decretolibue‚

265 1603 342 1665 quas
355 1586 529 1669 Gregorius
551 1590 595 1651 IX
617 1598 649 1651 et
661 1590 837 1651 Bonifeciue
860 1588 932 1651 VIII
956 1598 1188 1671 congesserunt,

264 1668 473 1731 huio'sstmoni
496 1674 621 1753 suisque
644 1674 794 1735 similibus
817 1674 967 1734 autoritas
990 1682 1076 1733 tanta
1099 1672 1188 1733 tribu-

263 1755 351 1831 itou,‘
373 1759 407 1814 nt
428 1754 482 1814 vix
504 1776 565 1816 una
587 1758 647 1835 ait‚·‘
675 1766 840 1837 qnee‘non
863 1762 959 1817 totum
982 1756 1071 1817 huno·
1086 1758 1189 1837 spiret.

264 1836 440 1916 Praetereo,
462 1839 544 1917 quod
557 1840 704 1920 deinceps
720 1840 802 1901 hano
814 1840 943 1901 formem
959 1838 1188 1902 successorlbus

264 1920 410 1981 traditam
428 1920 600 2001 tabulatum,
631 1924 816 1984 servandum
839 1942 858 1982 a
880 1924 992 1983 ceteris
1024 1922 1189 2005 episcopis,

266 2004 393 2064 omnino
417 2004 612 2084 emuniuit,
643 2024 734 2087 quam
757 2006 1044 2069 ambitiosissimum
1069 2007 1190 2091 spirant

264 2086 421 2149 effectum.

476 2207 619 2287 Sequitur
638 2208 766 2288 pulchra
789 2205 973 2274 slmilitudo:
1127 2266 1142 2281 ,,
1179 2276 1181 2281 ,

348 2286 390 2352 ut
411 2292 597 2367 nouaclum
618 2293 649 2354 in
671 2310 755 2354 novo
778 2292 979 2355 Testamenta
1004 2298 1052 2352 est
1075 2291 1193 2363 cunsti-¹

265 2381 277 2434 t
299 2382 382 2453 tum,
403 2372 570 2451 sedetiam
592 2376 624 2436 in
647 2375 743 2438 veteri
764 2374 837 2454 tuit,
857 2376 938 2456 sicut
958 2376 1103 2456 scriptum
1128 2382 1193 2445 ests,

296 2464 425 2518 osee'et
442 2457 552 2536 ¹Aaron
575 2459 606 2520 in
623 2458 838 2538 sacerdotibus
861 2461 942 2536 eius,
964 2458 996 2520 id
1019 2467 1076 2537 cet,
1098 2460 1186 2538 primi

264 2542 344 2603 inter
367 2557 423 2603 eos
444 2540 583 2623 luerunt„

277 2692 280 2704 Ι
349 2621 430 2698 Quid
451 2625 566 2686 audio?
600 2644 693 2705 quem
723 2645 788 2688 non
820 2626 931 2688 frustra
962 2625 1187 2698 hosccnones

264 2700 347 2787 lego,
371 2725 463 2786 quam
483 2710 611 2789 ¹egregie
632 2708 718 2780 disco
742 2709 897 2788 sripturas
919 2706 1103 2786 intelligere.
1126 2703 1186 2771 Pti-

265 2810 359 2868 teum,
382 2792 433 2869 qui
458 2812 551 2855 uuum
573 2792 673 2854 solum
696 2812 848 2864 summum
868 2789 1062 2854 sacerdotem
1084 2789 1187 2861 inve·

265 2868 321 2934 teri
342 2871 428 2954 Lege
448 2876 537 2955 novi,
564 2895 646 2936 nunc
665 2875 759 2937 didici
782 2875 859 2938 duos
877 2875 970 2937 luisse
987 2872 1111 2954 pnimoe.
1135 2869 1187 2933 Se·

264 2956 386 3036 cundo,
408 2959 503 3024 ,etiem
523 2960 756 3038 grammaticam
781 2979 894 3019 novem
916 2958 1006 3034 vide,
1033 2956 1064 3014 in
1088 2973 1187 3030 sacer-¹

264 3037 389 3101 dotibus
402 3040 477 3115 eius,
498 3040 580 3104 idem
596 3050 653 3119 est,
677 3042 759 3122 quod
777 3043 863 3122 pulmi
883 3043 1033 3102 intereos
1056 3037 1187 3113 luerunt,

264 3141 335 3186 cum
359 3123 519 3204 hucusque
546 3125 610 3186 hoc
636 3145 727 3186 versu
749 3125 864 3186 Psalmi
885 3121 1090 3185 intellexerim
1112 3119 1188 3184 nihil

264 3206 348 3269 aliud
372 3206 450 3285 dici,
484 3226 575 3287 quem
597 3208 705 3279 Illoseu
728 3216 760 3269 et
779 3204 884 3270 Aaron
908 3205 1106 3282 sacerdotes,
1139 3203 1187 3264 vel

265 3287 303 3350 de
325 3307 455 3352 numero
479 3291 675 3355 secerdotum
708 3291 822 3369 fuisse,
855 3293 934 3354 ei'cut
954 3287 1080 3352 Samuel
1108 3288 1194 3360 intel,

263 3373 446 3455 invastantes
469 3375 676 3449 nomenatus,
698 3375 775 3439 nihil
797 3370 1000 3454 deprimitete
1024 3369 1112 3444 vel²)
1138 3390 1187 3432 cu·

264 3455 378 3536 gilone.
421 3456 557 3518 Tertium
574 3457 805 3536 documentum,
827 3457 908 3536 quod
930 3473 1067 3516 summus
1090 3473 1189 3514 secer·

265 3538 321 3600 dos
352 3542 463 3602 veteris
485 3541 576 3620 Legis
604 3541 695 3603 luerit
731 3539 830 3621 ligura
857 3539 989 3602 Romani
1022 3537 1187 3618 pontilicis.
1243 3587 1246 3595 ,

265 3618 435 3707 Apostolus
458 3624 541 3687 enim
567 3623 607 3695 ad
627 3621 812 3706 Ebreeos*)
857 3642 906 3682 me
937 3623 1047 3682 mirum
1068 3620 1098 3679 in
1124 3639 1185 3697 sno·

232 3755 237 3761 .
266 3694 342 3779 dum,
366 3705 490 3786 decepit
522 3726 591 3768 cum
628 3707 777 3769 universis
811 3706 963 3778 ecclesiae
999 3704 1189 3780 doctoribus,

267 3784 399 3867 docens,
433 3809 496 3849 non
518 3790 692 3852 Romanum
722 3788 922 3870 pontificem,
956 3788 1011 3848 sed
1035 3787 1186 3848 Christum

275 3913 445 4007 md.
467 3946 573 4014 priore:
602 3951 696 3998 noster
718 3945 765 3997 hic
795 3947 924 4012 nugator.
962 3941 994 4008 2)
1016 3931 1187 3992 metten.

268 4022 294 4068 et
310 4018 455 4072 witmau:
476 4017 543 4070 ulla.

304 4087 332 4153 ⁸)
353 4089 453 4143 Ebrse.
474 4091 499 4145 7.

865 4131 976 4218 -22'·
1045 4113 1048 4120 ’
