3075 4775
353 583 417 650 404
618 585 639 640 Ι.
659 583 765 639 concio
795 584 825 638 D.
845 581 879 636 tt.
898 581 977 636 Lnth.

355 789 426 832 nem
448 776 656 851 pcccatorum.
682 768 878 829 Paenitentia
897 768 991 848 igitur
1011 785 1067 827 ceu
1088 771 1223 826 revocat
1243 783 1280 825 ae

354 860 486 915 renovat
505 853 649 933 baptismi
673 857 910 912 sacramentum.

438 935 568 997 Perinde
590 944 683 1015 atque
710 936 736 994 si
758 935 804 994 sic
824 932 907 994 diost
927 932 1088 1012 sacerdos,
1117 939 1181 991 tum
1210 949 1280 990 cum

355 1018 555 1082 confitentem
583 1019 718 1079 absolvit
750 1023 890 1092 (utemur
919 1018 999 1076 enim
1039 1015 1157 1096 vulgari
1190 1033 1280 1074 voca-

355 1103 465 1176 bulot:
488 1103 581 1179 Ecce,
603 1100 793 1161 condonavit
813 1101 875 1159 iam
898 1100 952 1161 tibi
973 1100 1057 1160 Deus
1081 1099 1187 1159 omnia
1209 1116 1281 1177 pee-

355 1193 436 1265 cata,
458 1184 717 1265 quemadmodum
740 1191 772 1244 et
792 1184 823 1241 in
836 1184 990 1264 baptismo
1013 1190 1106 1242 antea
1128 1182 1281 1260 promisit,

356 1278 388 1330 et
407 1271 469 1329 iam
493 1269 566 1329 mihi
590 1268 746 1328 mandavit
766 1267 877 1326 virtute
895 1266 1037 1326 clavium.
1081 1264 1132 1326 Sic
1153 1281 1281 1324 revoca-

358 1373 424 1412 mur
445 1352 485 1412 ad
507 1370 612 1412 verum
635 1350 780 1430 baptismi
801 1367 899 1408 usum.
936 1348 1026 1424 Quod
1058 1349 1084 1407 si
1116 1345 1282 1407 credideri-

356 1455 444 1518 mus,
479 1436 547 1494 sine
574 1433 667 1494 dnbio
700 1440 898 1514 peccatorum
921 1433 1132 1492 remissionem
1153 1430 1282 1491 habebi-

356 1537 434 1596 mus,
456 1520 502 1578 sin
526 1519 634 1595 minus,
656 1516 879 1577 damnabimur.
902 1513 953 1576 Sic
963 1515 1102 1574 videmus
1123 1515 1283 1573 remissio-

356 1620 428 1662 nem
450 1619 488 1660 sc
509 1599 777 1661 mortificationem
801 1607 997 1677 peccatorum
1034 1605 1090 1672 (ca
1111 1599 1194 1657 enim
1219 1596 1281 1656 duo

357 1691 503 1765 operatur
534 1681 724 1765 baptismus)
749 1680 915 1760 aliquando
946 1681 1082 1763 peccatis
1117 1679 1282 1760 impediri,

356 1765 571 1828 incredulitate
592 1774 696 1827 antem
717 1784 843 1845 prorsus
856 1763 944 1824 reddi
966 1764 1113 1840 inutilem,
1135 1762 1283 1843 quemod-

342 1850 482 1912 modum
506 1867 628 1929 quoquc
650 1850 718 1910 sola
739 1847 816 1908 fides
828 1849 1031 1927 interceptum
1045 1845 1191 1927 baptismi
1203 1865 1283 1927 opus

359 1940 483 2015 reparat
504 1952 542 1994 aa
562 1934 684 2013 repetit,
706 1931 786 1991 adeo
810 1933 914 1992 omnia
936 1949 975 1990 ex
996 1929 1058 1990 fida
1081 1929 1229 2009 pendent.

442 2017 484 2077 Ut
503 2025 606 2078 autem
628 2015 721 2096 paulo
743 2014 849 2074 rudius
870 2033 908 2074 au
928 2015 1063 2093 apertius
1091 2033 1155 2073 rem
1179 2013 1283 2093 expli-

360 2119 475 2176 cemus,
498 2100 581 2160 aliud
603 2107 651 2158 est
671 2105 801 2179 peccata
821 2099 987 2174 remittere,
1010 2103 1042 2158 et
1062 2095 1145 2158 aliud
1169 2097 1284 2156 eiicere

361 2183 409 2243 vel
431 2181 616 2242 mortificare
638 2190 778 2263 peccata.
802 2181 891 2240 Fides
906 2186 1104 2260 peccatorum
1127 2181 1285 2240 remissio·

331 2283 335 2290 ·
359 2284 430 2324 nem
452 2266 605 2344 impetrat,
619 2264 741 2324 etiamsi
761 2263 900 2324 nondum
914 2265 976 2324 sint
988 2262 1181 2324 mortificata.
1204 2263 1284 2323 Mor-

359 2346 513 2409 tifioantur
545 2354 647 2409 autom
670 2355 800 2427 peccata
833 2356 911 2424 tum,
948 2365 1016 2407 curn
1040 2348 1084 2407 eis
1106 2347 1285 2425 obnitimur,

358 2434 432 2492 item
455 2449 525 2491 cum
548 2433 714 2511 morimur,
755 2438 819 2491 tum
857 2433 938 2492 enim
967 2450 1092 2511 prorsus
1120 2435 1284 2511 peccatum

360 2516 472 2593 interit,
494 2523 565 2576 sont
585 2523 687 2603 optem
711 2514 803 2575 ambo
826 2514 970 2595 baptismi
992 2532 1098 2594 opera.

411 2636 416 2641 Δ
443 2598 495 2660 sie
515 2598 685 2679 Apostolus
706 2598 835 2659 Ebraeis
859 2600 908 2660 12.
938 2597 1061 2675 scribit,
1093 2598 1145 2675 qui
1179 2602 1284 2655 tamen

359 2688 431 2742 ante
458 2681 604 2761 baptizati
630 2682 843 2742 remissionem
879 2686 1078 2761 peccatorum
1106 2681 1167 2739 ism
1197 2686 1286 2739 eraut

361 2767 529 2843 consecuti,
552 2772 586 2826 ut
606 2771 767 2845 peccatum
791 2766 941 2824 tenaciter
952 2767 987 2841 ³¹⁸)
1001 2762 1164 2826 inhaerens
1187 2760 1286 2841 depo-

360 2854 445 2909 nant.
489 2848 567 2908 Tum
589 2850 671 2909 enim
692 2848 755 2907 vim
778 2866 864 2913 suam
886 2846 1054 2927 baptismus
1083 2846 1219 2923 obtinet,
1255 2851 1287 2905 et

361 2939 445 2993 certo
469 2932 542 2991 mihi
569 2932 699 2992 remissa
726 2938 797 2991 sunt
817 2940 967 3009 peecata,
998 2949 1068 2989 curn
1099 2928 1192 2991 credo
1215 2928 1285 2989 Deo

361 3015 561 3095 promittenti,
584 3014 668 3092 quod
690 3013 768 3074 nolit
780 3014 853 3073 mihi
865 3020 995 3093 peccata
1004 3014 1165 3094 imputare,
1179 3030 1286 3091 quam·

360 3099 405 3157 vis
428 3099 563 3157 maxima
586 3117 691 3158 eorum
713 3115 785 3176 pars
808 3095 908 3157 adbuc
940 3099 972 3156 in
1000 3115 1093 3157 carne
1114 3101 1285 3157 remaneat.

358 3180 445 3240 Illum
469 3187 570 3241 antem
594 3178 685 3241 fidem
708 3181 845 3260 sequitur
866 3188 1063 3260 peccatorum
1076 3178 1286 3256 mortificati0,
1387 3194 1388 3199 ’

362 3282 441 3342 quae
463 3262 497 3323 fit
517 3283 573 3344 per
595 3282 715 3324 crucem
740 3269 771 3323 et
792 3283 848 3344 per
869 3270 1009 3325 mortem.

445 3346 546 3425 Atque
569 3347 620 3407 hic
641 3347 694 3407 ille
715 3345 789 3407 fidei
809 3347 954 3407 articulus
968 3354 1023 3426 est,
1046 3365 1136 3426 quem
1159 3344 1287 3425 profite-

362 3448 445 3488 mur:
471 3428 571 3491 Credo
594 3432 624 3492 in
638 3430 783 3510 Spiritum
806 3438 955 3509 sanctum,
977 3430 1190 3491 remissionem
1213 3448 1287 3509 peo-

360 3518 497 3572 catorum
520 3520 577 3577 etc.
621 3513 739 3574 Alludit
760 3516 841 3574 enim
863 3514 903 3574 ad
924 3514 1132 3595 baptismum,
1160 3513 1192 3572 in
1222 3531 1286 3591 quo

361 3598 555 3657 remittuntur
575 3604 714 3677 peccata,
737 3602 865 3678 propter
884 3595 993 3657 ioedus
1013 3597 1099 3675 illud,
1123 3595 1208 3675 quod
1230 3615 1287 3657 no-

361 3676 478 3738 biscum
499 3681 599 3740 iunxit
621 3682 714 3741 Deus.
746 3680 829 3742 Nihil
852 3700 927 3761 ergo
950 3681 989 3742 de
1010 3682 1193 3742 remissione
1216 3698 1289 3759 pcc-

345 3769 498 3823 ·catorum
521 3762 737 3827 dubitabimus.
824 3788 826 3793 ’

444 3846 540 3908 Sexto
568 3846 706 3927 decimo,
732 3849 794 3908 iam
821 3849 914 3929 igitur
943 3847 1004 3908 hoo
1035 3866 1159 3929 quoque
1188 3848 1289 3927 vides,

396 4109 426 4173 ·)
447 4107 633 4160 taedians
654 4109 799 4159 tenaciter.
