3075 4775
331 533 394 611 282
423 518 427 531 ’
569 530 707 602 seiont
727 559 814 616 super
833 548 1018 616 Proposition.

332 734 431 812 mstis
454 737 484 792 et
505 733 631 809 venus,
654 733 719 792 slve
741 731 866 810 dentur,
891 732 956 792 slve
977 731 1160 808 venduntur,
1182 732 1253 791 sits

332 816 555 895 dispensentur,
578 818 642 875 site
655 816 856 895 applicentur.
888 814 958 875 lion
972 817 1053 875 enlm
1065 814 1143 874 ilunt
1157 813 1252 911 aliud,

332 984 410 1042 sicut
431 1002 488 1041 neo
510 982 599 1055 dare
633 984 683 1041 its
696 996 754 1041 uec
776 983 932 1061 applicare
954 1002 992 1042 es
1013 986 1118 1061 potest
1144 980 1253 1058 homo,

331 1065 415 1127 dicas
439 1066 510 1144 quid
534 1064 620 1125 velis

395 1149 523 1209 Rursum
538 1148 612 1208 dicis
623 1146 670 1229 ¹):
688 1148 926 1207 Ministerialitsr
936 1102 987 1207 dat
1000 1148 1109 1207 merita
1121 1147 1255 1225 Christi3

332 1233 411 1292 haec
433 1232 591 1307 concedo
625 1231 679 1290 sed
709 1245 772 1290 uon
796 1235 851 1309 pto
874 1230 1090 1327 indulgentiis
1113 1232 1185 1309 quia
1208 1232 1254 1289 in·-

334 1315 469 1395 dulgent'
462 1334 510 1374 rae
539 1320 609 1374 sunt
636 1315 809 1373 contrarias
838 1314 953 1376 meritis
981 1312 1109 1388 christi,
1139 1315 1255 1373 merita

334 1398 527 1459 Oh1·istlsunt
548 1399 646 1477 gratis
658 1405 689 1456 ct
709 1397 833 1474 veritas,
856 1411 936 1474 quae
951 1396 1068 1455 iaciunt
1088 1396 1253 1457 meliorem

333 1482 502 1561 inspiritu,
526 1486 557 1540 et
578 1482 762 1539 sanctiorem
785 1493 855 1538 eum
878 1481 929 1557 qui
951 1481 1158 1558 consequitur.
1203 1478 1255 1540 In-

334 1564 510 1643 dulgentiae
532 1582 604 1622 vero
627 1563 702 1621 nihil
726 1562 799 1622 boni
822 1562 983 1621 ‘conferunt
1000 1564 1032 1622 in
1055 1564 1173 1642 spiritu,
1197 1561 1273 1621 sedw
1299 1572 1303 1581 '

333 1649 423 1707 remit
424 1646 584 1705 tuntbona
607 1643 815 1725 spirituscont
817 1654 850 1703 ιιι
803 1645 973 1704 tmerita
984 1644 1106 1705 Christi.
1148 1645 1255 1719 Quare

333 1732 391 1809 ipsi
413 1729 545 1789 viderint
566 1746 622 1787 sua
642 1728 737 1787 verbs
759 1734 791 1787 et
813 1743 900 1787 usum
923 1746 1028 1805 suum
1058 1748 1135 1808 ego,
1165 1728 1258 1787 salva
1286 1757 1290 1763 ·

334 1823 438 1873 eorum
461 1818 602 1873 revereat
603 1813 642 1887 ia,
665 1810 744 1889 dico,
768 1810 861 1890 quod
883 1811 1024 1871 utverba
1046 1819 1169 1887 sonant,
1192 1827 1256 1871 me-

333 1898 389 1955 rita
413 1894 522 1955 Christi
501 1902 604 1955 uton
630 1910 698 1955 esse
720 1911 815 1973 posse
842 1894 1018 1953 thesaurum
1047 1889 1256 1975 indulgentis-

333 1998 416 2056 rum
445 1978 499 2037 sed
522 1984 629 2037 contra
651 1978 825 2037 thesaurum
858 1978 1090 2056 impositionum
1118 1984 1152 2037 et
1179 1995 1257 2056 poe·

309 2080 440 2127 ,nurum
461 2060 654 2120 ferendarum
677 2061 805 2123 omnino
828 2061 981 2119 contraria
1002 2058 1212 2140 indulgentiis.

415 2143 489 2203 Ideo
511 2143 610 2205 fateor
632 2159 670 2203 ea
699 2143 828 2203 conferri
853 2143 1091 2203 ministerialiter
1109 2146 1141 2203 in
1162 2143 1255 2203 abso-

333 2226 451 2286 lutione
473 2226 593 2305 culpae
615 2226 657 2286 ibi
680 2227 759 2285 enim
782 2244 831 2285 res
853 2226 940 2305 spirit
940 2245 976 2285 us
999 2227 1107 2306 agitur,
1128 2226 1171 2285 ibi
1193 2244 1259 2286 me-

331 2310 389 2368 rita
411 2308 551 2368 Christi
545 2316 674 2388 opersnt
676 2327 710 2368 ur
663 2308 770 2369 tad
791 2308 918 2368 verbum
941 2308 1119 2387 sacerdotis,
1142 2311 1167 2369 si
1192 2328 1260 2369 ore-

257 2429 259 2436 >
334 2392 386 2452 dat
407 2400 562 2471 peccator
585 2393 661 2452 olias
684 2411 887 2472 naquaquam.
1336 2462 1339 2465 ἱ

419 2474 519 2549 Quare
531 2474 764 2536 declaratoriam
777 2475 862 2535 illum
874 2493 937 2535 non
960 2474 1084 2552 domno
1107 2475 1182 2535 sed
1174 2495 1207 2534 ιιι
1217 2475 1255 2548 ²)

334 2574 389 2618 suo
413 2577 504 2618 sensu
528 2574 596 2618 eam
628 2560 780 2637 relinquo.
824 2558 855 2618 Si
884 2565 987 2618 autem
1021 2522 1127 2638 aptato
1154 2558 1257 2636 fuerit,

333 2647 366 2701 ιιι
387 2649 494 2701 contra
514 2641 674 2721 praedicta
695 2642 805 2701 militet
793 2647 982 2720 t„respuo
1011 2647 1043 2701 et
1064 2641 1201 2720 postulo,
1224 2649 1260 2701 ιιι

332 2723 478 2785 reddatur
507 2729 554 2784 ra
555 2743 585 2784 ιο
542 2724 768 2784 tdiotorum.
811 2690 931 2784 Deinde
960 2723 1140 2784 ostendatur
1168 2731 1258 2804 pote·

335 2812 397 2868 stas
419 2807 558 2872 faciendi.
578 2807 725 2868 articulos
746 2805 834 2884 fidei,
857 2813 910 2867 aut
931 2807 1102 2886 proferatur
1122 2805 1259 2886 probata

334 2891 503 2965 revelatio*
518 2890 606 2950 nudis
630 2890 729 2951 verbis
752 2889 896 2969 prohibet
917 2908 966 2950 me
987 2889 1100 2950 Paulus
1118 2889 1257 2950 credere.

642 3058 865 3134 Conclusio
895 3059 946 3119 XI.

284 3237 287 3244 '
377 3227 495 3304 Dicere
516 3225 723 3305 indulgentias
737 3243 806 3285 esse
828 3225 942 3309 bonum
956 3223 1143 3303 Christiano,
1166 3234 1215 3288 est

360 3309 504 3384 insanire,
528 3313 614 3368 sunt
622 3310 872 3368 enimverissimc
894 3327 912 3367 o
938 3310 998 3367 eris'
1021 3308 1095 3369 boni
1117 3310 1236 3389 vitium,

358 3399 389 3451 et
399 3391 571 3471 improbare
583 3392 798 3476 indulgentias
806 3390 898 3451 debet
907 3326 1097 3450 &hostiarius
1110 3392 1150 3452 ob
1162 3391 1234 3453 abu-

359 3495 436 3553 sum
460 3476 530 3552 quia
552 3476 700 3535 Dominus
723 3469 811 3534 dicit:
847 3474 977 3566 Propter
997 3475 1047 3534 ule
1069 3472 1190 3535 deleo
1181 3479 1238 3536 rni-

360 3559 409 3637 qui
413 3563 491 3616 attcs
516 3563 592 3634 tuas
615 3577 676 3617 non
699 3562 826 3637 propter
843 3551 1002 3636 p'ecunias.

421 3637 576 3718 Propheta
596 3641 675 3701 Psal.
698 3643 747 3704 40
771 3639 908 3720 appellat
929 3635 1064 3700 insanias
1085 3639 1180 3701 lslsas
1202 3642 1257 3702 ho-

339 3725 453 3796 rtiinum
476 3722 648 3796 doctrinas
679 3723 788 3803 quibus
816 3723 926 3797 colitur
945 3723 1047 3797 Deus
1076 3730 1259 3820 contempto

307 3835 321 3852 κ
340 3790 404 3866 eius
431 3804 587 3866 mandato
631 3805 753 3880 Quanto
785 3807 882 3886 magis
904 3807 1061 3865 insaniunt
1087 3807 1108 3864 ιι
1100 3805 1173 3883 ',⁸)
1198 3811 1260 3888 qui,

393 3991 420 4052 ll
442 3991 469 4044 lu
500 3990 665 4045 editionibus
692 3995 779 4064 orig.:
792 3991 890 4046 ’.ιιιιιεε
943 3988 975 4061 2)
1005 3983 1075 4046 ibid
1102 3978 1194 4048 deest:
1222 3997 1260 4050 iu.
1307 4035 1312 4050 .

298 4063 301 4072 ¹
340 4062 374 4126 3]
393 4057 476 4118 ibid&
490 4055 544 4116 hli.
657 4085 661 4090 ·
