3075 4775
504 1305 703 1426 Epistola
732 1307 936 1404 Iohannis
967 1308 1085 1406 hooii

332 1497 431 1561 missa
452 1514 491 1560 ex
503 1495 539 1560 hi
563 1496 614 1560 sia
628 1495 668 1560 ad
688 1497 841 1562 famosum
856 1497 889 1562 et
904 1499 1113 1566 reverendum
1125 1499 1257 1567 Patrem

332 1577 365 1644 F.
399 1579 504 1646 Jaoob.
537 1513 765 1655 floohstratem
803 1581 994 1664 Magistrum
1023 1583 1057 1648 in
1087 1584 1258 1668 theologia

332 1664 485 1737 nostrum,
508 1664 542 1728 in
564 1681 627 1746 qna
648 1663 800 1740 ostendit,
842 1665 939 1731 nibus
954 1667 1135 1749 seripturis,
1158 1685 1255 1750 argn-

332 1747 448 1812 mentis
472 1747 505 1812 ot
526 1745 708 1813 rationibus
723 1682 904 1814 defenderit
926 1749 1082 1816 artionlos
1104 1767 1257 1816 romanas

334 1829 486 1896 ooolesiae
509 1831 544 1896 in
568 1829 789 1914 disputatione
811 1831 939 1914 Lipsioa
967 1834 1080 1900 eontra
1101 1833 1137 1900 D.
1158 1833 1257 1901 ldart.

493 1911 666 1979 Luthenum
688 1931 769 1980 anno
792 1913 946 1980 nmxnx
967 1916 1089 1982 hahita.

696 2084 882 2096 —a———q--a

412 2180 512 2271 Sicuti
547 2212 787 2292 disputationem
815 2213 1008 2292 Lipsiensem
1048 2216 1132 2273 varia
1168 2220 1256 2276 ante·
1319 2249 1328 2270 r

331 2300 491 2354 oesserunt
512 2296 640 2374 scripta,
677 2295 787 2375 quibus
818 2296 872 2356 illa
902 2291 949 2356 est
976 2303 1175 2377 praeparata,
1210 2299 1256 2358 ita

330 2377 416 2438 illam
440 2378 525 2438 vario
547 2378 712 2440 snhseoute
733 2388 805 2440 sunt
826 2381 948 2459 scripta,
972 2380 1081 2459 quibus
1102 2379 1156 2441 illa
1178 2399 1253 2460 quo·

331 2460 498 2523 dammodo
522 2462 817 2543 longiusproduota
839 2471 886 2523 est
919 2471 949 2523 et
978 2470 1160 2545 propagata.
1204 2462 1254 2525 Ea

331 2551 423 2606 enata
458 2552 528 2605 sunt
562 2548 726 2606 maximam
757 2553 875 2626 partem
908 2566 947 2607 ex
979 2548 1106 2625 libellis,
1146 2547 1256 2626 quihus

330 2629 500 2708 disputatio
544 2630 597 2689 illa
636 2637 683 2689 est
715 2630 878 2709 descripta.
931 2630 1056 2691 Praeter
1090 2631 1256 2708 epistolam

330 2719 451 2788 sutem,
484 2731 545 2791 qua
574 2713 723 2773 Lutherus
756 2714 824 2792 ipse
852 2714 889 2773 D.
918 2713 1055 2793 Georgio
1093 2712 1255 2793 spalatino

331 2795 412 2856 hano
435 2795 675 2875 disputationem
697 2797 853 2876 eopiosius
877 2802 1013 2873 enarrat,
1047 2796 1126 2857 duae
1156 2796 1195 2857 de
1219 2806 1280 2857 ea'
1392 2798 1393 2821 ¹

331 2878 421 2939 datae
451 2885 523 2939 sunt
549 2881 699 2959 gravioris
730 2882 879 2940 momenti
910 2880 1070 2959 epistolae.
1114 2879 1255 2941 Alteram

331 2960 416 3023 dedit
430 2963 492 3024 loh.
506 2961 616 3022 hlooius
640 2963 690 3023 die
711 2965 761 3026 24.
775 2984 814 3023 m.
827 2963 899 3023 Julii
915 2984 942 3023 a.
961 2965 1039 3027 1519
1053 2962 1092 3023 ad
1104 2963 1257 3024 Jaoohnnr

331 3046 616 3124 Hoohstratenium‚
652 3046 830 3125 theologiae
860 3046 1067 3126 professorem
1091 3046 1255 3107 Colonien-

332 3149 397 3190 sem
429 3136 460 3189 et
486 3129 661 3190 haereticae
682 3131 841 3209 pravitatis
862 3130 1093 3208 inquisitorem,
1126 3129 1256 3190 alteram

331 3212 408 3273 Phil.
431 3212 651 3274 Melanohthon
679 3212 730 3274 die
752 3216 802 3277 21.
826 3234 865 3275 m.
888 3213 960 3273 Julii
991 3212 1030 3272 ad
1056 3214 1187 3272 amioum
1214 3216 1257 3273 lo.

333 3294 623 3376 Oeoolampadium,
646 3315 726 3375 quae
746 3297 814 3375 ipso
837 3295 1033 3357 menselulio
1057 3297 1138 3375 typis
1160 3296 1259 3356 divul-

332 3384 406 3459 gata
427 3387 474 3439 est
498 3379 554 3453 (ol.
572 3379 736 3457 Loesoher,
759 3378 895 3442 Reform.
920 3379 987 3441 Aet.
1001 3378 1045 3440 ΙΙΙ
1066 3398 1095 3458 p,
1110 3381 1171 3441 214
1189 3399 1259 3459 sqq.

333 3461 529 3537 seidemann,
553 3463 603 3523 die
613 3463 774 3544 Leipziger
790 3463 987 3542 Disputation
1010 3462 1051 3521 im
1066 3460 1158 3521 Jahre
1177 3466 1259 3527 1519

332 3565 361 3625 p.
389 3546 460 3610 78).
502 3546 628 3624 idacius,
663 3548 747 3606 ouius
781 3548 901 3607 animus
931 3546 990 3606 hae
1010 3545 1260 3606 Melanohthonis

333 3629 465 3710 epistola
488 3628 623 3690 offensus
646 3637 720 3707 erat,
743 3628 943 3689 menseJulio
967 3648 994 3689 a.
1019 3630 1098 3691 1519
1122 3637 1258 3690 exeunte

333 3720 386 3772 aut
416 3731 523 3772 mense
553 3715 694 3795 Augusto
731 3714 856 3772 ineunte
884 3712 1006 3791 Lipsiae
1039 3730 1125 3771 suurn
1161 3711 1261 3773 edidit

332 3795 486 3858 libellum:
520 3795 739 3856 Excusatio
762 3796 843 3858 Joh.
867 3794 977 3855 Eooii
1001 3793 1046 3854 ad
1070 3813 1129 3871 es,
1153 3814 1260 3873 quae

332 3879 437 3939 falso
470 3878 547 3939 sibi
579 3879 785 3958 Philippus
813 3878 1090 3939 Melanohthon
1121 3876 1258 3938 Gram-

333 3964 498 4023 matious
528 3962 918 4045 Vnittembergensis
952 3980 1070 4040 super
1099 3961 1260 4023 theolo-

334 4045 898 4127 gioaDisputationeLipsioa
919 4044 1143 4131 adscripsit.
1179 4044 1261 4109 Huio
