3075 4775
467 556 523 607 aaa
543 554 650 621 umiae
670 520 818 621 omenes
835 568 860 607 a
880 551 951 606 sn.
1101 513 1163 615 ar

249 740 350 801 massi
377 715 419 803 a'r
441 740 515 822 qun
536 743 659 819 nuum,
689 743 715 803 a
737 740 978 821 tonsu-aqua
996 721 1164 802 sontum
1193 770 1197 781 ·

251 826 420 887 nonomuia
432 826 575 905 attingat,
598 824 722 905 quando
736 842 841 885 sumus
862 826 1048 904 intempore
1071 825 1164 905 longe

249 906 396 985 frigidiore
419 928 513 987 quam
525 908 721 988 prrianus?
742 908 784 969 Et
803 917 837 968 nt
859 908 952 987 plana
961 916 995 967 et
1015 907 1110 969 libere
1121 909 1164 968 di·
1262 965 1266 982 ,

249 1008 309 1049 eam
330 992 415 1070 quod
440 994 558 1066 sentio,
593 991 686 1053 orado
715 1011 765 1053 rna
787 992 966 1071 theologum
988 1010 1058 1051 asse
1079 991 1163 1051 Chri·

248 1074 389 1151 stiaoum‚
413 1082 447 1137 et
469 1076 502 1135 in
522 1090 620 1155 ragno
642 1077 781 1159 veritatis
800 1077 926 1150 uivere,
947 1074 1019 1134 ideo
1043 1094 1093 1135 ure
1113 1074 1163 1135 de

249 1156 370 1219 bitoram
385 1178 467 1227 „esse
488 1178 550 1219 non
580 1158 672 1220 modo
696 1158 897 1219 affirmandae
920 1158 1076 1233 veritatis,
1109 1158 1164 1217 aad

247 1241 332 1301 etiarn
354 1241 543 1303 asserendae
565 1248 597 1303 et
618 1241 853 1318 defendendae,
881 1262 937 1303 seu
966 1258 1022 1320 per
1043 1242 1164 1319 sangui·

248 1342 327 1400 nem,
348 1343 405 1385 seu
428 1344 484 1405 per
505 1332 645 1388 mortem.

323 1442 461 1502 Proinde
482 1442 555 1503 volo
577 1442 655 1503 liber
676 1460 758 1518 esse,
785 1450 817 1503 et
837 1440 965 1517 nullius,
987 1460 1042 1500 scu
1064 1442 1164 1500 conci·

247 1524 283 1602 tii,
305 1544 358 1585 scu
381 1526 568 1605 potestatis,
591 1544 646 1585 seu
666 1524 908 1604 universitatum,
932 1544 985 1585 seu
1009 1520 1164 1584 Pontiilc'is

247 1610 406 1669 autoritate
428 1610 568 1689 captivus
590 1608 672 1687 fleri,
697 1612 779 1687 quin'
793 1607 984 1669 confidenter
1007 1607 1165 1684 confitear,

248 1690 389 1770 quidquid
415 1710 522 1753 verum
539 1690 665 1769 videro,
693 1692 758 1752 sive
788 1693 850 1753 hoc
883 1694 922 1752 sit
950 1712 969 1751 a
999 1689 1165 1763 catholica

247 1775 305 1835 sive
325 1774 486 1835 haeretico
510 1780 671 1849 assertum,
695 1777 760 1835 sive
778 1776 951 1856 probatum,
974 1774 1040 1833 siva
1061 1789 1164 1853 repro·

248 1855 342 1918 batam
380 1858 473 1919 fucrit
500 1877 519 1918 a
548 1874 731 1937 quocunque
759 1859 902 1920 concilio.
946 1854 1012 1917 Nec
1033 1856 1166 1916 verebor

247 1942 331 2001 etiarn
353 1942 456 2023 ipsam
473 1941 631 2017 invidiam,
657 1960 736 2021 quae
758 1961 807 2002 me
819 1942 1043 2002 haereticorum
1060 1947 1162 2022 patro·

247 2042 311 2083 num
337 2026 420 2086 forte
454 2024 674 2087 criminabitur:
707 2025 789 2107 quod
820 2027 916 2085 sciam
944 2022 1064 2083 veritati
1096 2038 1163 2082 cnm

247 2108 357 2169 invidia
379 2106 456 2168 nihil
479 2127 548 2168 esse
571 2109 757 2188 commercii,
781 2110 858 2168 sicut
880 2108 954 2167 dicit
975 2104 1105 2186 Sapiens
1129 2111 1163 2172 6:

247 2190 306 2251 Nec
327 2210 398 2252 cum
421 2190 538 2251 invidia
560 2190 739 2251 tabescente
761 2192 821 2251 iter
846 2190 985 2268 habebo,
1019 2192 1164 2268 quoniam

248 2274 310 2333 talis
332 2275 430 2337 homo
453 2292 515 2335 non
540 2276 597 2334 erit
626 2276 781 2354 particeps
806 2273 835 2354 ¹)
860 2274 1040 2354 sapientiae.
1085 2271 1165 2349 Quid

248 2372 315 2438 crgo
339 2358 380 2419 ad
408 2374 465 2435 ma,
491 2356 573 2438 quod
595 2356 729 2418 mendax
751 2355 867 2418 invidia
889 2376 938 2418 me
960 2355 1166 2421 criminatur?

249 2441 320 2502 Laus
345 2449 394 2503 est
417 2442 518 2521 impiis
542 2441 744 2522 displicuisse.
769 2437 941 2521 Displicent
962 2441 1079 2501 etmihi
1093 2441 1165 2499 hae-

248 2525 337 2602 retici,
361 2523 419 2586 aed
441 2524 565 2604 quando
588 2523 683 2586 hodie
705 2525 790 2586 nullo
812 2524 979 2605 opprobrio
1003 2522 1166 2602 sophistae

252 2609 342 2689 magis
366 2609 543 2683 insaniunt,
576 2609 690 2669 iaciunt
714 2615 746 2668 ut
767 2627 867 2688 paene
889 2606 970 2687 apud
993 2605 1167 2667 haereticos

248 2690 309 2751 sola
329 2691 451 2770 reliqua
482 2693 521 2750 sit
541 2691 675 2752 ecclesia
701 2689 855 2751 catholica
877 2690 1010 2768 Christi3
1039 2687 1167 2749 haercti-

248 2791 297 2833 cos
317 2775 463 2854 inquam,
492 2794 555 2834 non
579 2776 628 2854 qui
652 2781 737 2852 sunt,
770 2775 824 2834 sed
848 2775 897 2854 qni
921 2773 1041 2833 illorum
1065 2773 1167 2833 lurore

252 2857 453 2937 appellantur.
1100 2874 1102 2879 ·

303 2975 348 3036 Et
370 2975 534 3054 sequaris
557 2973 617 3040 hoc
640 2993 710 3036 meo
740 2963 903 3053 proposito
925 2973 1170 3052 iurisperitorum
1285 3027 1290 3036 ,

250 3077 370 3138 quoque
393 3056 602 3120 definitionem
628 3061 685 3126 (rie
707 3057 793 3118 solus
825 3064 857 3118 et
878 3063 993 3127 temere
1016 3055 1046 3114 id
1068 3055 1170 3116 lacera

249 3142 435 3214 existimer).
479 3139 562 3200 Dicit
595 3140 676 3202 enim
698 3140 934 3204 Panormitanus
962 3139 1002 3199 de
1023 3131 1127 3200 Eleot‘
1144 3160 1172 3200 o.

250 3221 450 3304 significasti:
475 3222 545 3282 Plas
563 3221 748 3286 credendum
773 3224 825 3284 uni
838 3223 957 3302 privato
969 3221 1062 3291 fideli,
1080 3241 1170 3302 qoam

250 3309 303 3368 toti
325 3306 473 3385 concilio,
496 3313 549 3366 aut
570 3325 681 3386 papae,
704 3307 728 3364 si
754 3305 914 3369 meliorem
937 3305 1031 3368 habet
1055 3304 1092 3381 ’t
1115 3326 1172 3367 au-
1202 3345 1208 3355 »

252 3391 407 3455 toritatem
430 3387 480 3450 vel
501 3389 662 3450 rationem.
687 3387 815 3460 Sinaec
834 3409 907 3450 vara
930 3395 1010 3464 aaut,
1033 3408 1089 3451 cur
1109 3409 1172 3455 nou

250 3471 340 3534 liceat
361 3471 427 3539 uti?
450 3491 504 3532 our
527 3491 590 3534 aon
613 3471 744 3542 audeam
767 3479 896 3546 tentare,
919 3473 945 3532 si
966 3493 1043 3537 uuus
1067 3473 1173 3534 natio·

253 3574 313 3696 pem
333 3554 511 3698 pstendera
540 3556 657 3634 possim
686 3556 903 3632 autoritatem,
945 3574 1036 3634 quam
1073 3557 1174 3624 conei-

265 3658 326 3700 rum
414 3687 417 3702 ,

328 3713 436 3816 Itedue
474 3697 513 3797 dd
539 3737 684 3800 conciliis
713 3736 880 3797 rideamus.
929 3737 1043 3798 Nonne
1078 3740 1175 3797 ornni·

252 3819 304 3884 bns
331 3828 439 3882 notam
474 3827 539 3894 ast,
577 3821 732 3883 contraria
764 3819 930 3909 aliquando
944 3821 1055 3882 tuisse
1090 3820 1174 3880 dam-

284 4141 314 4204 1)
343 4140 374 4223 ln
393 4137 457 4194 add.
475 4139 589 4210 origin:
609 4095 747 4207 princeps.
770 4090 818 4202 '⁴2)
838 4091 909 4190 ibid.⁸
918 4149 925 4187 ε
944 4137 1052 4191 habeat
1077 4165 1084 4178 =
