3075 4775
343 536 385 602 44
556 539 711 608 Disputatio
730 539 839 608 Llpsiae
856 539 954 594 habits
973 556 999 594 a.
1018 537 1080 593 nx

346 745 444 807 quens
466 727 547 788 hanc
568 727 810 790 contutationem
832 729 996 790 rectiorem
1017 727 1122 807 dedit,
1146 728 1267 790 scilicet

344 830 408 872 non
431 811 610 890 episcopum
633 812 860 890 universalem,
889 811 943 872 sed
965 811 1147 872 universalis
1169 812 1275 873 eccle

343 895 408 955 siae
434 894 613 974 episcopum
653 915 721 956 eum
753 896 843 956 Rom.
877 893 1058 956 Pontificem
1091 894 1265 956 dicendum.
1298 927 1302 933 ·

342 977 409 1038 Nisi
431 979 587 1056 parcerem
611 984 641 1038 et
663 996 722 1058 ego
746 977 966 1058 suspenderem
988 984 1020 1038 et
1043 978 1074 1052 ι)
1106 977 1188 1039 hanc
1216 998 1266 1040 so·

344 1059 502 1138 luticnem,
525 1060 580 1121 sed
602 1061 738 1122 iudicent
757 1061 875 1123 iudices
896 1067 929 1122 et
949 1059 1113 1123 auditores.

427 1144 563 1220 Ultimo,
592 1144 632 1205 ad
653 1146 849 1208 autoritatem
872 1144 1001 1223 Christi,
1033 1143 1085 1205 ubi
1106 1143 1183 1206 dixit
1204 1144 1265 1220 *);

343 1227 409 1288 Vos
432 1233 534 1288 autem
557 1235 630 1290 non‘
642 1229 708 1307 sic,
731 1227 808 1288 dixit
828 1227 1028 1290 ambitionem
1048 1227 1143 1288 fuisse
1163 1227 1267 1290 redar-

217 1375 223 1400 Ι
343 1316 456 1390 gutam,
479 1310 533 1371 sed
556 1330 619 1372 non
641 1313 815 1393 primatum.
858 1309 1068 1392 Respondes:
1110 1310 1196 1372 Haec
1217 1318 1268 1372 est

342 1394 451 1473 petitio
474 1394 629 1473 principii,
659 1395 745 1473 qnasi
766 1395 828 1454 iam
850 1395 1031 1472 obtinuerit,
1058 1413 1128 1454 esee
1151 1393 1184 1470 ²)
1208 1396 1267 1454 sci·

286 1516 289 1522 ι
332 1476 416 1538 *licet
436 1477 649 1556 principatum.
692 1477 814 1538 Deinde
835 1479 936 1539 clarus
959 1484 1007 1540 est
1026 1483 1146 1554 textus,
1180 1477 1266 1558 quod

342 1578 405 1620 non
428 1565 544 1620 tantum
567 1559 777 1639 ambitionem,
799 1560 854 1621 sed
877 1562 976 1642 ipsam
994 1559 1199 1621 maioritetem
1217 1579 1267 1620 su·

342 1661 398 1723 per
420 1648 541 1703 ceteros
562 1641 728 1722 prohibuit.

730 1777 879 1839 Eccius.

424 1891 474 1953 Ad
496 1892 692 1955 detensiones
722 1895 911 1956 solutionum
938 1913 958 1954 a
983 1894 1153 1956 reverendo
1174 1895 1268 1957 Patre

342 1976 481 2038 datarum
516 1975 585 2037 dico
613 1977 652 2038 de
684 1979 800 2057 primo:
828 1977 898 2038 Non
924 1978 1103 2057 increpasse
1136 1978 1266 2039 Paulum

342 2079 407 2134 eos,
430 2060 480 2139 qui
504 2058 647 2120 dixerant
667 2079 791 2133 se,esse
810 2061 902 2138 Petri,
928 2061 1000 2139 quia
1019 2060 1201 2122 habuissent
1221 2062 1267 2121 in·

342 2143 512 2204 tentionem
533 2144 723 2223 principatus
746 2143 970 2224 apostolorum,
992 2142 1048 2204 sed
1067 2145 1140 2222 quia
1160 2145 1267 2225 singu·

342 2225 492 2286 laritatem
516 2225 707 2305 aspiciebant
728 2245 947 2306 personarum3
973 2226 1057 2305 quod
1080 2225 1176 2288 verba
1194 2228 1267 2307 ipsa

341 2307 425 2369 clare
444 2307 582 2369 indicant
598 2308 756 2370 divisionis
769 2316 801 2370 et
812 2309 1005 2376 schismatis„
1017 2309 1059 2370 nt
1078 2328 1265 2390 quamquam

341 2392 450 2453 merito
472 2392 600 2453 Paulum
636 2394 789 2473 praeferet
809 2392 1037 2474 Hieronymus,
1075 2394 1127 2474 pie
1158 2400 1265 2455 umen

341 2474 527 2536 credendum
556 2480 618 2553 est,
656 2476 879 2557 Hieronymum
908 2495 947 2536 eo
975 2475 1047 2537 loco
1076 2477 1267 2540 sententiam

340 2558 428 2619 Pauli
466 2558 545 2619 bene
581 2558 783 2621 intellexisse.
825 2558 893 2619 Nec
913 2558 1001 2619 locus
1023 2565 1072 2620 est
1091 2559 1266 2641 ambiguus,

341 2639 382 2702 ob
403 2640 434 2701 id
457 2647 549 2720 caput
575 2642 605 2700 in
635 2642 769 2703 ecclesia
790 2642 1007 2721 constitutum,
1034 2647 1069 2703 ut
1089 2642 1266 2703 schismatis
1370 2716 1376 2723 q

293 2728 295 2731 ’
340 2722 501 2785 tolleretur
512 2725 647 2804 occasio,
671 2726 754 2805 quod
766 2727 967 2806 grammatico
982 2726 1132 2786 satisfecit
1143 2726 1265 2803 lectori,

341 2824 433 2887 quam
467 2807 661 2887 disciplinam
693 2810 890 2889 praecipuam
924 2827 999 2888 prae
1031 2807 1100 2869 aliis
1125 2808 1265 2889 partibus

341 2889 557 2971 philosophiae
579 2891 758 2973 theologiae
781 2891 1024 2953 subservientem
1056 2890 1134 2951 dixit
1165 2892 1198 2951 iu
1220 2891 1266 2952 di·

341 2975 517 3053 sputatione
540 2973 672 3053 quadam
694 2973 882 3035 reverendus
904 2979 1002 3053 pater.

424 3056 578 3135 Secundo,
600 3074 693 3117 nemo
715 3058 842 3137 negavit
865 3055 1018 3117 Christum
1042 3053 1143 3115 lohan.
1166 3058 1195 3120 5.
1215 3074 1267 3115 ae·

342 3130 519 3217 qualitatem
544 3158 612 3199 cum
635 3139 725 3200 Patre
747 3138 918 3201 affirmasse
950 3140 1007 3199 nisi
1032 3137 1186 3216 Arianos,
1212 3158 1267 3198 ne·

341 3237 402 3299 que
423 3220 484 3281 alic
507 3240 599 3282 sensu
621 3221 737 3283 inducit
757 3221 946 3302 Bernardus,
983 3220 1038 3282 sed
1063 3219 1148 3300 quod
1177 3240 1267 3283 reve-

341 3302 453 3371 rendus
475 3304 565 3363 Pater
586 3304 747 3365 arbitratur
768 3311 894 3366 sanctos
915 3305 1021 3365 Patres
1054 3310 1192 3365 sanctam
1221 3304 1267 3365 in·

342 3384 467 3445 duxisse
500 3387 679 3467 scripturam
708 3385 948 3467 locupletandae
979 3387 1128 3448 orationis
1155 3387 1268 3467 gratia,

341 3469 524 3548 respuimus,
548 3471 694 3549 quoniam
716 3471 810 3532 talem
832 3472 1073 3533 ostentationem
1095 3468 1135 3530 de
1158 3471 1203 3532 sis
1218 3490 1269 3531 su-

342 3552 453 3632 spicari
475 3570 539 3612 non
559 3552 641 3618 licet.
685 3602 692 3625 ,

424 3635 471 3694 De
482 3636 583 3711 tertio,
606 3633 646 3698 de
669 3630 750 3718 papa
772 3640 893 3697 mortuo
916 3641 989 3696 tunc
1008 3635 1174 3697 ecclesiam
1196 3655 1268 3697 esse

341 3717 542 3797 acephalam,
566 3718 650 3796 dico,
673 3738 829 3799 nunquam
851 3725 997 3799 negatum
1020 3718 1181 3793 Christum
1196 3738 1267 3780 esse

343 3806 435 3880 caput
457 3799 617 3877 ecclesiae,
639 3804 726 3863 iuxta
748 3802 840 3862 etiam
863 3802 1001 3882 glossam
1024 3802 1124 3863 Genti.
1147 3804 1182 3867 b:
1195 3801 1265 3863 ‚Oa-

354 3920 785 3934 „nu—m*—

396 3979 425 4040 1)
446 3979 475 4030 ln
496 3976 537 4030 ed.
558 3978 619 4031 Jen.
641 3978 732 4033 deest:
751 3986 786 4035 et.
825 3981 857 4050 2)
878 3981 983 4036 Ibidem
1004 3981 1096 4037 deest:
1116 3998 1186 4039 esse.

397 4051 427 4115 Ι’)
447 4050 508 4103 Luc
527 4048 572 4107 22.
1151 4060 1155 4069 '
