3075 4775
454 621 459 634 .
492 533 761 603 permanserimus
782 531 817 587 ed
837 538 963 588 mortem.
1139 528 1203 596 473

282 723 393 802 stoles,
423 731 455 784 et
482 729 517 784 ut
536 731 622 787 certo
645 723 771 800 credes,
808 723 913 784 omnis
932 722 985 782 ille
1006 729 1219 802 acceptumrn·

282 816 313 868 te
334 827 413 870 esse.
457 807 538 883 Quid
559 808 653 887 igitur
672 806 720 869 his
743 804 815 867 eddi
836 811 941 886 potest
962 805 1120 884 emplius?
1157 807 1159 810 ’

335 958 338 964 ,
365 891 447 952 Vere
467 891 561 972 igitur
582 891 665 951 Deus
686 898 750 970 est,
785 891 836 968 qui
860 891 1009 949 maximas
1032 896 1132 949 tecum
1155 908 1204 950 res
1268 927 1285 944 ,

281 975 354 1054 egit.
397 973 438 1035 m
458 976 603 1054 quoniam
627 975 778 1054 promittit
800 991 890 1053 opem
913 978 945 1033 et
965 971 1072 1048 robur,
1096 974 1204 1034 merito

282 1057 343 1117 hoc
365 1059 472 1118 mortis
495 1077 574 1118 onus
595 1058 626 1118 in
649 1063 680 1118 te
702 1058 854 1133 coniecit,
882 1062 914 1116 ut
935 1054 1104 1134 periculum
1126 1055 1205 1116 fece·

282 1160 349 1215 res,
383 1148 498 1218 queuis
529 1142 647 1221 gratiae
681 1141 727 1200 vis
756 1159 795 1200 sc
824 1141 962 1219 potentia
985 1146 1077 1202 esset.
1121 1138 1207 1200 Siout

283 1223 358 1284 dicit
385 1223 465 1288 Psel.
496 1227 570 1286 111:
604 1224 719 1304 Magne
751 1242 848 1303 opere
876 1224 1022 1299 Domini,
1054 1224 1207 1301 exquisito

283 1306 451 1368 secundum
476 1308 665 1368 voluntatem
692 1309 766 1368 eius.
812 1306 863 1368 Sic
884 1307 975 1388 igitur
997 1307 1206 1384 unusquisque
1309 1367 1314 1374 ,

283 1409 317 1450 se
339 1397 514 1470 comperet,
538 1397 572 1451 ui
593 1391 709 1471 gratias
730 1391 798 1452 Deo
823 1409 878 1449 suo
902 1409 958 1469 pro
980 1390 1132 1450 immense
1153 1389 1207 1450 ills

282 1473 422 1534 bonitate
452 1480 484 1534 et
504 1473 717 1534 misericordia
737 1481 830 1554 egat,
865 1492 965 1553 neque
997 1479 1059 1534 tem
1093 1479 1207 1534 terrere

165 1589 172 1606 ι
283 1575 340 1617 nos
362 1555 416 1616 ille
438 1559 544 1618 mortis
566 1557 661 1618 facies
683 1556 792 1636 debet,
821 1577 912 1637 quam
934 1555 1145 1629 misericordia
1166 1553 1206 1615 ed

282 1640 381 1700 Deum
413 1639 579 1701 emendum
611 1648 642 1700 et
673 1640 914 1720 praedicendum
951 1641 1103 1719 excitare,
1136 1657 1206 1698 nem

282 1735 371 1783 emor
399 1742 472 1804 erge
493 1724 593 1784 Deum
617 1731 648 1783 et
674 1724 863 1804 praedicatio
892 1725 1008 1804 gratiae
1032 1722 1208 1784 mirabiliter

283 1825 407 1884 quoque
429 1817 559 1868 mortem
589 1808 724 1888 mitigat,
759 1808 838 1868 sicut
859 1804 999 1883 isaias*)
1023 1807 1109 1867 dicit:
1138 1805 1206 1886 Ego

283 1908 319 1948 os
342 1898 425 1949 suum
456 1890 547 1951 leude
576 1909 647 1950 mes
667 1890 811 1969 frenabo,
840 1911 879 1950 ne
907 1909 1024 1970 perses.
1069 1888 1102 1949 ld
1125 1887 1207 1966 quod

283 1973 373 2033 nobis
402 1980 538 2053 praestet
567 1972 670 2034 divina
692 1973 903 2034 misericordia
925 1994 980 2053 per
1001 1973 1100 2033 lesum
1123 1971 1206 2032 Chri-

283 2064 363 2115 stum
388 2057 552 2116 Dominum
576 2061 724 2118 nostrum.
756 2056 865 2118 Amen.
