3075 4775
314 539 378 608 502
556 545 688 600 Defensio
707 545 776 599 anu.
798 545 1014 601 Matcndrthonis

397 729 590 805 d)‘'l'cmsre
618 749 677 791 nos
704 730 901 792 Ambrosium
934 731 1081 794 invadere
1109 737 1234 792 sacuam

316 810 442 892 Ennium
465 831 541 874 sane
562 814 623 874 hoc
644 814 715 875 lccc
737 813 866 894 dignus,
899 833 991 894 quem
1014 814 1108 896 paulo
1129 814 1232 875 dunas

315 902 486 959 tractarem.
516 896 666 976 Equidem
688 897 844 962 denauh.
867 899 938 960 loco
962 899 1035 977 dixi,
1056 904 1120 960 mm
1142 917 1232 978 quem

314 979 366 1040 itte
386 981 621 1060 interpretratur
629 981 732 1042 Lucae
753 989 809 1043 est.
853 982 895 1042 At
916 1001 990 1043 vero
1006 983 1138 1063 primum
1159 999 1233 1042 con·

314 1069 375 1122 stat
395 1063 497 1129 alium
509 1081 579 1124 csse
602 1063 810 1125 &versarium
832 1065 915 1145 apud
933 1065 1056 1142 Lucam,
1080 1083 1191 1143 nempe
1211 1083 1232 1124 a

313 1163 379 1224 quo
398 1146 566 1207 curandum
588 1152 646 1226 est,
668 1153 702 1207 ut
722 1146 903 1228 liberemur,
937 1149 1030 1210 alium
1053 1146 1135 1230 apud
1156 1149 1233 1208 Mat·

314 1229 451 1307 thaeum,
484 1231 536 1309 qui
557 1249 625 1290 curn
646 1234 814 1292 convenire
835 1249 892 1292 nos
915 1238 1053 1312 oportet,
1086 1233 1117 1292 in
1140 1249 1230 1310 quem

313 1314 453 1392 aspariuq
474 1313 537 1373 dixi
560 1323 685 1394 propter
706 1333 777 1394 eos,
799 1309 908 1394 quibus
930 1314 1098 1396 placabile,
1131 1323 1177 1387 et,
1198 1319 1233 1374 ut

313 1395 433 1475 dicant,
456 1396 579 1486 qoniaie
600 1397 734 1475 videtur,
760 1415 877 1478 negare
898 1399 1023 1460 inimice
1046 1397 1230 1460 benevolum

313 1481 456 1541 animum.
492 1477 536 1539 ‘In
559 1499 693 1559 summa,
726 1483 757 1541 in
794 1501 864 1560 ecs,
899 1484 949 1562 qui
970 1484 1013 1543 ita
1035 1479 1124 1542 nobis
1147 1497 1232 1560 prac-

313 1572 403 1641 cepta
426 1562 562 1624 consitiis
589 1571 815 1644 temperarunt,
849 1572 882 1626 ut
916 1565 1009 1648 ionga
1035 1563 1161 1624 inferius
1183 1565 1231 1640 sit,

313 1644 517 1706 Christianum
540 1665 626 1724 asse,
665 1667 755 1727 quam
784 1648 911 1728 probum
935 1648 1105 1726 ethnicus,
1138 1665 1232 1726 quens

313 1745 405 1806 quam
427 1736 461 1789 et
489 1729 544 1790 ille
564 1731 645 1810 apud
668 1731 773 1792 natur.
801 1732 888 1792 locus
922 1732 1053 1812 amplius
1086 1729 1230 1810 quiddam
1327 1759 1333 1776 ·

312 1830 388 1892 prae
408 1831 443 1872 se
462 1812 544 1873 ferra
565 1815 638 1876 mihi
660 1815 800 1893 videtur,
821 1833 863 1876 ec
885 1816 1031 1895 quod-sit
1050 1815 1081 1874 in
1103 1812 1231 1874 Graecia

312 1890 488 1970 ἀντίδικος.
531 1896 650 1958 Deinde
673 1912 829 1958 carcerem
856 1913 914 1978 per
932 1897 1078 1959 tenebras
1101 1897 1231 1957 ameno

312 1997 362 2038 ras
425 1979 467 2038 nd
478 1980 585 2042 Matth.
606 1983 737 2062 exponit
750 1981 942 2059 Ambrosius,
963 1999 1045 2061 quae
1065 1980 1232 2042 inferorum

312 2079 409 2141 procu
444 2063 536 2123 dubio
559 2062 724 2144 descriptio
747 2072 803 2124 est.
915 2090 919 2102 ·

396 2144 546 2224 Denique,
568 2147 652 2226 qnod
675 2148 797 2208 vidstur
817 2149 1001 2232 patrocinari
1023 2146 1137 2224 ticcio,
1161 2145 1231 2206 sirn-

311 2227 433 2305 pliciter
467 2227 565 2324 figura
602 2230 779 2309 quadrantis
814 2230 978 2312 significari
1023 2229 1089 2289 vult
1120 2229 1232 2310 culpae

313 2319 609 2392 compensatrcnem,
632 2323 663 2374 st
684 2315 874 2375 sicuttcxtus
890 2313 1011 2374 dicans:
1034 2313 1144 2374 Donec
1164 2311 1230 2372 rsd-

313 2391 368 2453 das
392 2403 560 2455 extremum
571 2398 782 2476 quadrantem,
804 2414 867 2460 non
890 2398 941 2475 ait,
963 2396 1130 2476 aliquando
1144 2395 1231 2456 reddi

312 2483 483 2538 extremum
500 2480 710 2559 quadrariam.
739 2483 785 2543 Ita
799 2482 980 2542 Ambrosius
994 2481 1110 2559 dicens,
1133 2477 1233 2559 tgna
1281 2484 1292 2499 ’

313 2561 490 2640 quadrantis
511 2564 676 2644 significari
709 2566 818 2645 culpae
847 2566 1132 2645 compensationem
1165 2580 1230 2623 non

312 2643 433 2721 addit,·
447 2644 513 2706 fleri
535 2666 603 2707 eam
627 2650 656 2708 in
681 2648 808 2709 mortuis
831 2648 1135 2728 compensationem,
1166 2648 1229 2705 imo

312 2727 504 2809 refragantur
525 2729 676 2810 quaedam
695 2738 811 2812 aparte,
834 2733 859 2793 si
881 2731 920 2791 ad
945 2732 1229 2811 compensationem

311 2828 480 2889 poenarum
503 2814 533 2873 iu
557 2818 684 2875 mortuis
706 2815 827 2875 trahere
850 2815 937 2875 uelis.
968 2815 1116 2874 »Brevius
1138 2829 1231 2891 expa-

312 2892 397 2954 dierc
420 2895 539 2974 iocum,
568 2900 594 2959 si
614 2900 701 2959 iuxta
721 2898 859 2959 crebram
883 2898 1013 2979 figuram
1036 2914 1105 2957 curn
1127 2894 1230 2977 graeei

311 2982 373 3036 tum
396 2976 518 3039 Ebraici
542 2983 693 3041 sermonis
723 2982 827 3056 verbi,
849 2981 959 3059 donec,
989 2998 1160 3061 exponam,
1198 2976 1230 3041 id

333 3057 395 3120 uod
418 3070 549 3141 oportet.
594 3065 758 3125 Ambrosio
786 3065 876 3143 nihil,
915 3073 948 3125 ut
979 3064 1082 3143 vides,
1116 3062 1229 3123 adimo.

312 3077 494 3223 Quanquam
518 3147 557 3207 ab
579 3166 634 3225 eo,
661 3143 761 3208 sicubi
787 3168 805 3208 a
827 3166 974 3229 germano
999 3163 1092 3208 sensu
1124 3145 1230 3222 ramat,

220 3295 225 3306 κ
313 3224 490 3304 dissentire,
525 3227 633 3307 credo,
664 3250 728 3291 non
758 3240 806 3291 ast
827 3230 984 3313 flagitium.
1028 3231 1123 3291 Porro
1146 3236 1178 3297 et
1197 3229 1229 3287 in

312 3327 351 3369 eo
373 3312 454 3390 apud
476 3312 588 3375 Lucam
625 3316 725 3393 capite
752 3315 792 3374 dc
822 3316 992 3393 quadrante
1015 3313 1112 3373 mults
1154 3310 1230 3371 hilo·

312 3392 470 3473 sophatur,
491 3400 601 3457 cumin
615 3397 743 3459 Graecis
763 3416 827 3459 non
851 3400 889 3459 sit
911 3399 968 3457 nisi
984 3395 1107 3461 λεπτὸν
1128 3332 1230 3475 doxa·

312 3495 381 3571 ena,
404 3477 486 3555 quod
509 3491 626 3560 partam
649 3480 826 3560 quadrantis
854 3480 968 3542 dieunt.
1011 3478 1115 3555 Quid?
1148 3476 1230 3558 quod

312 3557 575 3709 uturum
598 3564 734 3708 ‘diiii
750 3563 1229 3709 taratantara

311 3662 391 3870 {taliq
412 3693 475 3788 non
497 3666 648 3812 ingr-adum
671 3740 719 3791 ast
736 3696 799 3791 ’sub
822 3727 929 3794 umbra
943 3692 1071 3793 Ecdiani
1096 3688 1230 3791 nomintd

333 3828 373 3870 er
388 3830 504 3874 escere.

394 3893 431 3975 9)
456 3893 562 3977 Obiter
582 3895 623 3957 sd
642 3871 744 3979 pauca
763 3917 814 3959 res
837 3897 996 3977 cudimus,
1025 3904 1097 3959 sunt
1118 3901 1156 3975 et
1170 3895 1230 3956 alia

311 3976 342 4037 iu
363 3975 448 4046 Esoii
469 3978 584 4059 libello,
607 3999 686 4060 quae
708 3988 741 4041 ut
762 3918 862 4065 perdia
885 4000 1044 4061 excusem,
1067 3986 1141 4062 puto
1163 3999 1228 4041 non

312 4078 501 4141 magnopere
530 4063 674 4143 referrre,
708 4084 820 4147 nempe
854 4084 934 4146 quae
954 4084 1004 4127 ras
1025 4068 1094 4147 ipsa
1115 4067 1146 4127 in
1167 4063 1227 4125 No·
