3075 4775
352 521 417 589 434
596 521 768 579 Inscende
786 521 822 578 de
841 523 1016 582 oneroso

437 711 540 791 Atque
567 711 619 772 hio
645 710 770 790 quidem
800 729 891 772 verus
921 711 1176 774 nannenten
1197 730 1280 788 usus,

353 803 386 858 et
411 795 471 856 hau
498 795 619 856 ratione
644 795 856 857 eonscientiae
879 812 941 856 non
964 795 1196 871 exornoiantur,
1225 792 1280 856 sed

355 880 521 958 eriguntur,
543 885 575 938 et
596 878 843 940 oonsoiationam
866 878 1030 957 arripiunt
1064 877 1174 956 Neque
1198 879 1278 938 enim
1383 863 1384 890 ¹

353 982 374 1022 a
394 962 462 1022 Deo
483 963 654 1032 institutum
675 967 972 1039 emmerammum,
995 969 1030 1020 ut
1044 979 1101 1020 oeu
1123 979 1279 1022 venenum

355 1052 410 1106 aut
431 1064 507 1106 crux
533 1044 684 1123 quaedam
714 1051 814 1123 esset,
842 1063 922 1123 quae
951 1053 1096 1106 terrorem
1126 1043 1280 1110 urentibus

353 1131 518 1204 incuteret,
548 1146 628 1206 quae
657 1128 765 1207 opinio
788 1128 946 1207 superiore
967 1127 1074 1188 aeoulo
1096 1146 1115 1187 a
1136 1127 1280 1188 Ductori-

354 1212 411 1276 bus
439 1211 542 1290 impiis
563 1212 596 1270 in
618 1211 728 1291 vulgus
750 1229 872 1290 sparsa,
901 1212 1017 1290 pssum
1039 1210 1137 1272 tenuit
1158 1228 1279 1272 omnes.

353 1295 405 1356 sta
432 1296 513 1354 enim
542 1292 727 1374 docuerunt,
756 1301 791 1354 ut
812 1313 869 1354 nos
891 1300 1027 1357 nostram
1049 1293 1199 1356 iustitiam
1221 1311 1279 1353 eeu

353 1379 487 1440 hostiam
502 1378 570 1437 Deo
592 1377 782 1456 dffenemuq
805 1379 918 1439 tautum
941 1384 1043 1440 autem
1064 1376 1138 1456 iude
1159 1383 1224 1452 est,
1248 1383 1280 1436 ut

354 1481 393 1522 aa
419 1461 528 1535 verta,
559 1479 639 1539 quoe
665 1461 757 1540 plena
787 1459 1011 1522 consolationis
1038 1467 1070 1520 et
1092 1460 1175 1522 vitae
1197 1469 1279 1536 sunt,

354 1545 463 1623 quibus
481 1545 692 1605 oonsoientine
712 1546 869 1624 eriguntur
891 1551 922 1604 et
943 1542 1171 1622 oonfirmantur‚
1194 1561 1279 1622 pror·

354 1648 406 1688 sna
419 1629 764 1707 oontemptaetignota
781 1629 937 1690 iaouerint.
971 1627 1084 1686 Verum
1107 1627 1153 1686 sio
1176 1627 1278 1705 potius

354 1709 519 1790 oportebat
544 1710 627 1787 fleri,
656 1719 689 1770 ut
715 1712 916 1786 sentiremus,
946 1711 977 1770 in
999 1709 1060 1771 hoo
1081 1717 1278 1772 sacramento
1346 1735 1349 1744 ¹

353 1793 429 1855 nihil
455 1813 539 1870 esse,
568 1813 659 1872 quoni
682 1813 832 1854 suminam
854 1795 1001 1873 gratiam,
1029 1791 1277 1856 oonsolationem

353 1886 385 1938 et
406 1879 498 1938 vitani
520 1883 688 1939 aeternam.

436 1961 724 2022 Praesentissinuum
754 1967 857 2022 autem
886 1979 1037 2020 venenum
1064 1961 1196 2036 iisset,
1227 1960 1278 2038 qui

354 2053 471 2106 temere
486 2045 518 2104 id
539 2044 719 2122 suscipiunt,
741 2045 793 2121 qui
815 2043 930 2102 nullam
952 2042 1171 2121 infirmitatem,
1193 2042 1280 2104 nulla
1383 2049 1384 2052 ’

356 2129 442 2205 vitia,
469 2128 583 2187 ιιιιΗιιιιι
606 2134 765 2206 urgentem
791 2128 1006 2188 neoessitotem
1029 2124 1183 2201 sentiunt,
1211 2145 1279 2206 per-

354 2210 426 2269 inde
440 2218 532 2288 atque
556 2211 582 2270 si
604 2210 665 2269 iam
687 2216 760 2270 aute
783 2211 852 2290 puri
873 2217 904 2268 et
924 2211 996 2270 iusti
1019 2214 1132 2269 assent.
1164 2209 1279 2288 Requi-

352 2294 394 2353 rit
421 2294 502 2354 enim
529 2293 592 2353 hoo
618 2299 844 2354 sacramentum
872 2292 1029 2354 hominem
1055 2300 1280 2372 agnoscentem

355 2377 429 2437 vitia
444 2396 511 2455 aua,
533 2378 645 2456 quique
662 2376 776 2454 videat,
800 2396 891 2457 quam
914 2377 1008 2457 longe
1025 2397 1045 2436 a
1066 2396 1141 2446 uero
1161 2377 1281 2440 iustitia
1383 2428 1384 2431 ι

354 2460 449 2538 absit,
472 2469 503 2521 et
524 2462 628 2540 oupiat
648 2470 751 2521 tamen
773 2460 941 2521 iustificari.
985 2459 1087 2539 Caput
1107 2460 1201 2540 igitur
1223 2470 1280 2539 est,

354 2544 469 2605 sentire
497 2552 675 2623 peecatum,
702 2544 842 2623 quamvis
869 2546 950 2605 enim
979 2550 1139 2623 pensatum
1169 2564 1280 2607 omnes

355 2635 507 2706 quotquot
531 2629 662 2689 vivimus
683 2627 869 2705 habeamus,
901 2646 966 2687 non
989 2634 1092 2687 tamen
1115 2645 1227 2691 omnes
1250 2628 1281 2689 id

354 2712 562 2791 agnosoirous.

366 2804 371 2850 ’,
438 2795 524 2855 Haeo
544 2796 605 2854 iam
626 2792 797 2869 suffioiont,
820 2801 854 2853 ut
874 2794 969 2871 anias,
992 2793 1149 2871 quomodo
1173 2802 1205 2855 te
1227 2815 1280 2875 pa·

353 2884 451 2939 saum
474 2896 544 2937 osse
566 2878 741 2953 oonveniat
763 2896 833 2937 oum
857 2876 918 2937 hoo
936 2884 1168 2939 ornamentum*
1190 2879 1279 2941 voles

354 2963 520 3041 suscipere,
544 2968 577 3020 ut
597 2960 717 3019 sailioet
740 2958 834 3021 fidem
857 2966 940 3019 tuam
962 2960 1009 3019 his
1034 2960 1144 3039 verbu,
1166 2962 1279 3040 quibus

353 3046 416 3105 hoo
428 3052 652 3105 sanamentum
669 3044 800 3103 instituit
814 3042 963 3121 Christus,
984 3062 1132 3105 exeraeas
1154 3052 1187 3105 et
1207 3064 1280 3107 oon·

353 3127 472 3202 firmos,
505 3145 544 3187 ae
575 3128 690 3190 sentias
724 3146 798 3187 vere
832 3146 888 3205 pro
922 3132 952 3187 te
984 3127 1127 3189 traditum
1164 3146 1279 3208 eorpus

355 3211 482 3289 Christi,
512 3218 545 3270 et
572 3229 645 3270 vere
674 3228 731 3288 pro
760 3211 820 3270 tuis
852 3212 987 3289 peooatis
1014 3210 1143 3271 effusum
1165 3211 1280 3273 Christi
1383 3264 1384 3269 ,

354 3297 552 3374 sanguinem,
580 3313 660 3372 quae
687 3293 782 3353 verba
811 3293 893 3353 olere
921 3294 1102 3373 ostendunt,
1136 3295 1278 3373 quisnam

355 3396 445 3439 verua
473 3378 659 3439 sacramenti
685 3378 726 3435 sit
751 3395 839 3455 usus,
869 3376 993 3456 etquid
1016 3378 1279 3455 nobis-eonforat,

354 3462 380 3520 si
400 3461 432 3521 id
454 3463 666 3542 suscipiamus.
1214 3512 1220 3519 .

438 3544 581 3624 Sequitur
595 3547 657 3605 iam
678 3545 818 3619 alterum,
841 3544 924 3623 quod
947 3563 987 3605 ex
1009 3545 1111 3623 priore
1130 3544 1198 3621 illo,
1222 3564 1281 3607 eeu

355 3649 395 3687 ex
417 3629 520 3705 sonte,
550 3635 671 3704 manat,
699 3627 873 3689 Christiana
894 3628 1012 3689 soiiioet
1035 3629 1162 3705 οιιίιιιε,
1193 3630 1281 3691 ouius
1383 3626 1384 3675 t

356 3731 479 3791 quoque
512 3732 654 3791 magnam
687 3711 832 3773 eonvenit
867 3730 936 3772 esso
964 3730 1085 3791 auram,
1118 3730 1196 3773 nam.
1218 3712 1282 3773 hoo

355 3797 482 3860 Densa
501 3794 592 3855 nobis
613 3796 724 3875 exigit,
753 3801 787 3853 ut
811 3794 944 3874 fruatis,
971 3814 1062 3874 quos.
1075 3814 1195 3855 nosox
1217 3795 1280 3855 hoo

355 3885 550 3941 aaaramento
572 3880 727 3957 capimus,
756 3896 814 3938 eeu
836 3878 941 3939 lumen
964 3878 1119 3957 quoddam
1141 3878 1279 3957 luoeant,

355 3972 388 4023 et
415 3971 448 4024 ut
476 3971 626 4043 appareat
652 3961 810 4041 omnibus,
844 3980 901 4021 nos
934 3981 1004 4025 eum
1032 3962 1135 4041 aliquo
1168 3968 1279 4023 nostro
1383 4018 1384 4023 ,

354 4037 452 4107 truotu
465 4048 527 4106 hoo
540 4055 734 4107 seommanto
749 4064 819 4107 esse
841 4064 924 4108 usos.
955 4046 983 4108 Is
1006 4053 1114 4107 autem·
1131 4052 1178 4107 est
1200 4045 1279 4107 frua·
