3075 4775
838 302 901 305 ---,
916 300 1373 315 *Vm-‚q

582 488 936 614 munem·
1101 543 1165 611 ino

244 730 368 793 iualibet
386 730 492 795 tidelia
513 731 608 793 debet
627 752 729 810 ome,
748 731 844 795 debet
855 733 1014 801 animuin,
1035 740 1099 795 non
1112 733 1166 795 nb·

245 823 359 890 mete,
390 816 477 894 quod
505 816 985 897 illeperneaoenitatenistnn
1009 820 1166 899 maginae

244 899 342 979 magis
363 907 530 963 mereant.

325 983 387 1041 Per
408 982 576 1043 idemvolo
597 982 744 1059 wlutunn,
764 982 850 1060 qnod
871 990 981 1045 enntn
1004 984 1170 1045 nonnae

243 1067 314 1127 tiam
338 1066 495 1127 eoolaaiae
515 1075 548 1127 et
567 1067 715 1144 pietate·
734 1068 791 1139 ait,
814 1066 897 1145 qnod
925 1068 1008 1142 dixi,
1030 1070 1165 1129 anime·
1279 1130 1282 1134 ,

244 1150 353 1209 alienis
383 1148 540 1229 aiiffiagiia
559 1148 720 1209 libantem
740 1151 842 1209 nninan
869 1150 976 1226 beari,
1015 1170 1108 1230 quain
1138 1153 1167 1211 ni

244 1251 299 1311 pet
320 1251 355 1293 se
376 1234 455 1293 antia
476 1233 609 1311 patiami
627 1234 660 1291 in
680 1234 871 1312 purgatorio.
913 1234 983 1294 Hoe
1002 1234 1087 1294 velut
1116 1253 1168 1294 uo-

244 1316 406 1377 iollarium
434 1317 567 1395 eumpeit
596 1335 638 1375 ex
664 1315 755 1377 dietis
783 1318 876 1395 meis,
914 1318 966 1377 nbi
996 1336 1056 1397 ego
1084 1318 1168 1378 aenei

244 1398 407 1459 animabus
421 1418 492 1459 esee
506 1399 755 1475 eueeurrendum,
764 1401 990 1478 quantumlibet
1004 1400 1168 1480 perfeetins

243 1500 342 1562 genus
366 1484 466 1543 metiti
489 1487 574 1543 eaeet
594 1483 730 1543 institiae
750 1482 875 1543 divinae
903 1484 1046 1545 omnibus
1067 1483 1168 1545 modi·

244 1564 435 1629 mutauere.

325 1648 556 1710 Damaeeenum
577 1655 703 1708 uaneeo
730 1668 801 1709 cnm
830 1651 961 1709 termino
984 1651 1103 1728 meriti,
1136 1653 1169 1710 et

243 1733 369 1791 remitto
393 1731 433 1791 nd
454 1731 681 1811 praeeedentia.

326 1814 416 1892 Item,
439 1816 550 1875 iterum
574 1834 625 1875 me
645 1816 754 1894 uarpit,
775 1814 857 1892 qnod
880 1816 966 1877 nullo
983 1815 1105 1875 luloitns
1126 1822 1170 1875 te·

245 1898 407 1975 stimouio,
429 1916 568 1978 protego
589 1900 753 1959 terminum
776 1900 890 1975 meiiti,
911 1901 979 1979 ipae
1000 1906 1102 1959 antem
1124 1900 1170 1957 ni·
1296 1936 1301 1953 i

245 1988 326 2041 tatur
345 1981 471 2057 multis,
493 1988 525 2041 et
544 1988 646 2061 neget
667 1982 872 2060 Respondeo:
893 1982 992 2043 Nullis
1013 1984 1118 2041 nititur
1138 1991 1169 2041 et

196 2112 204 2133 ,
244 2066 311 2143 ipae
332 2065 393 2125 nisi
414 2064 568 2125 violenter
587 2064 763 2139 intellectis,
785 2074 818 2125 ut
836 2067 914 2125 eatis
935 2066 1049 2125 dietum
1070 2072 1126 2125 eet

328 2146 452 2228 Oapere
479 2148 573 2208 etiam
601 2150 705 2208 mein
725 2148 828 2209 verbis
855 2150 933 2209 meis
953 2149 1064 2209 volens
1083 2148 1167 2222 dieit

245 2251 292 2291 me
313 2230 494 2310 uppellaaoe
526 2232 712 2291 sententiam
738 2251 840 2291 neam
867 2234 1068 2311 opinionem,
1089 2250 1165 2311 ergo

244 2314 325 2375 male
344 2315 527 2394 oppositum
547 2314 770 2395 appellaverim
800 2334 945 2375 errorem.
987 2316 1065 2377 Diuo
1089 2316 1168 2375 aient

245 2399 337 2477 prius.
380 2397 453 2458 Non
475 2397 576 2460 solum
597 2399 799 2477 opinionem,
831 2399 886 2458 aed
909 2404 941 2460 et
961 2400 1167 2480 ignorantiam

245 2481 370 2562 appello
394 2500 496 2540 meam
517 2483 724 2560 sententiam,
755 2501 892 2543 errorem
926 2482 1082 2562 appellavi
1102 2481 1194 2542 non'

246 2564 433 2627 eontrtriam
460 2565 666 2644 opinionem,
700 2566 758 2626 aed
785 2564 868 2644 quod
896 2566 1075 2646 opinionem
1108 2584 1165 2644 pro

248 2650 376 2709 varitate
397 2650 546 2708 etatiiunt.
666 2693 670 2698 »

326 2729 452 2792 Deinde
472 2733 668 2792 autoritatem
690 2731 730 2791 de
754 2731 834 2808 Noe,
855 2730 917 2790 lob
939 2739 970 2790 et
990 2729 1102 2790 Daniel
1123 2729 1167 2788 di

247 2816 286 2874 eit
318 2833 386 2874 non
409 2813 513 2874 valere
546 2821 667 2874 tantuin
701 2833 757 2893 pro
780 2827 919 2874 extremo
941 2813 1070 2890 iudicio,
1108 2831 1168 2872 neo

246 2899 363 2977 poesim
385 2897 448 2956 hon
469 2897 655 2957 oonvinoere
675 2908 715 2957 ex
737 2898 833 2958 litera
868 2896 1021 2974 Relinque
1042 2897 1104 2955 hoe
1123 2896 1167 2954 iu-

245 2980 325 3042 dieio
337 2980 452 3040 melius
472 2980 643 3057 sentientis,
664 3000 734 3040 eum
745 2987 848 3040 textus
860 2980 1022 3040 manifeste
1044 2977 1166 3055 habeat,

246 3062 329 3142 quod
357 3082 416 3142 pio
450 3062 578 3122 homine
597 3062 638 3124 ad
660 3063 815 3135 tibunal,
845 3061 927 3143 qnod
947 3065 978 3122 in
1002 3062 1166 3139 mortalit,

244 3153 352 3227 rapto,
375 3165 437 3206 noe
456 3145 517 3208 lob
538 3165 600 3210 nee
618 3147 730 3208 Daniel
750 3154 850 3224 orent,
872 3145 954 3224 quod
977 3146 1105 3207 omnino
1126 3145 1167 3205 de

244 3230 360 3290 iuditio
382 3239 525 3290 extraneo
546 3228 675 3309 intelligi
695 3237 840 3309 oportet,
878 3237 931 3289 aut
961 3229 1070 3290 saltem
1101 3248 1165 3289 non

245 3313 283 3374 de
302 3312 498 3393 purgatorio,
520 3313 591 3390 qula
612 3331 669 3392 pro
686 3315 815 3374 mortuis
836 3315 867 3374 in
879 3313 1057 3392 purgatorio
1077 3319 1168 3373 orant

244 3396 322 3471 lloe,
344 3395 418 3469 lob,
442 3395 562 3472 Daniel,
583 3403 615 3456 et
635 3414 745 3456 omnes
766 3396 929 3456 eeclesiae.

295 3479 347 3540 Ad
370 3479 567 3539 autoritatem
579 3479 710 3558 Apoeal.
725 3487 810 3540 reote
833 3480 915 3556 dioit,
935 3476 1020 3556 quod
1042 3477 1166 3539 daemo-

245 3582 300 3622 nes
313 3565 348 3622 in
366 3561 487 3622 interno
502 3580 566 3622 non
587 3561 722 3632 laudant,
748 3563 804 3623 eed
826 3563 1043 3641 blasphemant
1055 3553 1165 3623 Demi.

306 3645 441 3723 Reliqua
461 3645 606 3704 exolusns
628 3652 768 3726 tempore
790 3647 827 3706 D.
849 3646 996 3706 Martinus
1016 3644 1166 3706 Lutheruu

248 3729 311 3790 vult
323 3729 450 3807 signare
461 3728 493 3786 in
512 3726 638 3805 eohede,
660 3735 691 3788 et
713 3730 877 3790 ostendere
891 3729 928 3792 D.
938 3729 974 3792 D.
986 3735 1019 3788 et
1034 3726 1166 3789 dominis

247 3811 392 3887 Notaniie,
414 3809 528 3870 obtulit
546 3817 649 3872 autem
673 3813 814 3891 sequenti
826 3811 935 3888 10001)
954 3811 1031 3872 infru
1043 3813 1166 3891 seriptu-

330 3892 424 3970 Quod
438 3932 442 3947 ·
455 3893 626 3954 daemones
655 3895 687 3954 in
708 3895 828 3957 inferno
858 3915 919 3956 non
947 3895 1089 3972 laudant,
1111 3892 1166 3952 sed

284 4075 317 4168 t)
338 4072 430 4142 Apud.
450 4072 566 4160 Loeaela
584 4088 622 4128 ex
639 4071 719 4127 lise:
738 4071 807 4125 luae:
