3075 4775
366 546 429 624 11'6
554 556 710 625 Disputatio
728 556 837 625 Lipsiae
856 556 951 611 habits
970 572 996 613 a.
1017 552 1076 609 xlx

737 738 911 805 nesius.

449 903 581 987 Nescio,
615 905 688 986 quid
708 906 896 967 reverendus
919 907 1010 969 Pater
1032 904 1121 984 velit,
1145 904 1227 988 quod
1249 902 1286 968 ab

364 991 454 1054 initio
485 991 636 1052 sermonis
670 986 767 1067 dioit,
803 1008 853 1050 me
886 990 961 1051 nihil
993 992 1214 1073 respondisse,
1258 996 1288 1051 et
1370 1024 1371 1029 κ

366 1082 471 1135 tamen
493 1076 525 1134 in
548 1076 613 1135 eius
634 1090 784 1153 procursu
806 1072 976 1134 solutiones
998 1088 1083 1135 meas
1113 1075 1178 1135 lieri
1200 1074 1287 1134 datas

365 1159 498 1219 iuviotus
520 1164 552 1218 et
572 1156 802 1218 robustissimas
823 1157 929 1217 nititur
949 1158 1136 1239 infringere,
1171 1177 1211 1218 an
1234 1156 1288 1217 illa

366 1240 424 1302 sibi
446 1246 598 1319 constent,
620 1241 688 1319 ipse
709 1238 829 1299 viderit.

445 1323 583 1400 Deinde,
606 1321 689 1402 quod
710 1324 876 1383 autoritate
898 1322 1021 1383 consilii
1043 1322 1287 1384 constantiensis

366 1424 429 1466 non
452 1406 519 1466 vult
539 1425 573 1466 se
595 1405 711 1478 artari,
750 1404 861 1465 viderit
881 1406 968 1486 ipse,
1004 1405 1130 1466 videant
1160 1404 1288 1481 iudices,

364 1506 457 1568 quam
478 1491 559 1549 iuste
580 1489 693 1548 feeerit.
739 1487 887 1548 Nioenam
912 1488 1065 1568 synodum
1089 1507 1152 1549 non
1173 1504 1287 1568 respuo

364 1574 396 1631 in
418 1573 478 1651 iis,
516 1590 595 1651 quae
618 1578 689 1630 suut
708 1568 783 1631 fidei
806 1578 898 1651 atque
920 1588 1022 1632 mores
1044 1572 1234 1652 respiciunt,
1256 1575 1308 1637 ut,

363 1654 574 1714 ordinationes
601 1654 819 1733 episeopoiurn
852 1674 908 1734 pro
940 1655 1088 1734 qualitate
1110 1660 1285 1735 temporum

364 1742 397 1796 et
417 1737 556 1797 loeorum
579 1737 689 1796 mutmi
710 1742 849 1816 possunt.
1136 1751 1139 1759 ¹

447 1819 587 1881 Postulat
608 1838 648 1879 ex
669 1838 739 1898 me,
779 1826 812 1879 ut
844 1821 891 1880 ius
914 1814 1049 1881 divinum
1085 1820 1113 1879 ei
1150 1818 1288 1897 afferam,

363 1901 446 1981 quod
473 1904 533 1963 etsi
559 1903 682 1982 saepius
715 1902 862 1981 fecerim,
898 1902 1057 1963 oonulusio
1092 1908 1197 1962 tamen
1220 1920 1290 1963 mea

362 1985 437 2045 illud
460 2004 523 2047 non
547 1985 649 2064 habet,
673 1984 727 2045 sed
749 1985 908 2063 duntaxat,
931 1987 1002 2065 quia
1023 1984 1210 2046 reverendus
1234 1986 1303 2045 Pan

260 2133 265 2142 .
363 2073 410 2127 ter
430 2070 461 2127 in
482 2069 668 2129 resolutorio
690 2067 792 2146 dixit,
820 2069 912 2130 Rom.
933 2068 1096 2129 eeclesiam
1119 2074 1191 2128 ante
1213 2074 1290 2129 tem·

362 2168 440 2229 pora
461 2150 601 2212 Silvestri
623 2169 685 2210 uou
708 2151 802 2211 luisse
819 2150 887 2211 aliis
909 2153 1119 2235 superiorem,
1149 2150 1234 2230 quod
1256 2152 1288 2211 iu

362 2233 564 2293 oonolusione
596 2252 667 2296 mea
702 2252 806 2318 nego,
842 2240 946 2295 tanim
967 2234 1089 2313 fateor,
1122 2235 1288 2313 primatum
1363 2268 1368 2293 r

363 2314 452 2380 Rom.
476 2315 633 2377 Pontiiiois
655 2334 724 2377 esse
746 2313 786 2378 de
807 2316 1000 2400 iurediviuo,
1021 2314 1189 2377 seeundum
1213 2316 1290 2377 alle·

261 2418 264 2425 ’
361 2406 435 2478 gata
456 2419 513 2479 per
533 2419 592 2461 me.

445 2482 565 2543 Deinde
585 2482 803 2562 reprobaturus
818 2483 1003 2544 solutionem
1017 2483 1099 2561 dioit,
1117 2483 1288 2546 distinetio-

363 2583 433 2624 nem
455 2583 556 2625 meam
578 2565 715 2627 humano
742 2565 868 2627 arbitrio
891 2567 1067 2645 inventam,
1104 2567 1190 2645 quasi
1223 2585 1289 2628 non

327 2689 333 2714 .
363 2646 456 2707 lioeat
475 2650 508 2708 in
542 2647 702 2728 theologia
723 2648 930 2730 distinguere,
967 2650 1045 2709 sieut
1066 2648 1157 2709 Arius
1189 2649 1291 2710 voluit

364 2730 566 2792 Athanasium
587 2730 757 2810 irridendo,
794 2749 864 2791 narn
885 2731 975 2791 nimis
995 2731 1106 2797 ¹literae
1127 2737 1221 2792 tenax
1245 2732 1288 2792 di-

362 2814 408 2874 xit
427 2813 537 2874 Filium
559 2821 844 2893 esse‘ereaturam,
876 2833 932 2894 per
952 2813 1044 2875 illud:
1076 2815 1165 2875 Pater
1188 2816 1291 2877 maior

364 2916 413 2957 me
436 2905 484 2957 est
507 2897 554 2971 *).
590 2896 682 2972 Quod
705 2897 825 2958 diluens
847 2897 1033 2958 Athanasius
1056 2897 1289 2979 distinguendo,

361 2979 1289 3059 Patermeiormeest,seeundumhumanitatem,nouseeun-

362 3060 434 3120 dum
447 3061 650 3140 divinitatem,
670 3063 742 3142 quia
754 3081 859 3124 saurus
873 3062 1043 3143 Soripturas
1061 3083 1125 3124 nou
1147 3062 1290 3125 distinxit

361 3141 463 3220 Arius,
473 3139 745 3225 esm'nouraoepit,
759 3147 879 3206 etitain
888 3148 1193 3227 errorspertinauiter
1202 3165 1289 3208 man·

362 3226 410 3285 sit.
432 3225 483 3287 Sia
499 3229 529 3286 in
544 3229 730 3308 praesentis,
755 3247 823 3289 cum
839 3229 891 3309 qui
906 3228 1061 3302 elucidant
1078 3247 1196 3290 sauram
1209 3229 1291 3291 Seri·

361 3313 479 3387 ptursm
488 3313 581 3372 vitam
589 3317 745 3372 aeternam
754 3311 920 3374 habebunt.
934 3311 1080 3374 Diversus
1092 3312 1288 3393 passusfluri-

361 3396 471 3471 ptus-se
492 3393 702 3472 conferendo,
729 3414 770 3455 ne
791 3396 823 3454 iu
845 3396 940 3456 saeris
964 3395 1058 3456 literis
1082 3397 1288 3457 contrarietas

361 3473 557 3551 admittatur,
581 3477 795 3539 distinotioues
816 3477 942 3538 dandae
956 3485 1036 3555 sunt,
1058 3497 1099 3538 ne
1124 3479 1154 3554 ¹)
1177 3478 1288 3540 literae

361 3555 450 3617 nimis
473 3564 566 3617 tenax
589 3561 756 3639 oeoidstur,
778 3559 834 3621 sed
857 3563 953 3641 magis
975 3581 994 3622 a
1015 3560 1129 3640 Spiritu
1151 3559 1289 3622 vivifiea·

360 3643 418 3699 tur.
442 3639 483 3699 Et
503 3640 576 3718 quia
585 3641 693 3703 Petrus
716 3643 783 3703 aliis
809 3645 978 3724 praefertur
1000 3645 1124 3724 saepius
1145 3645 1287 3706 iusseris

361 3720 550 3802 sumpturis,
574 3743 669 3806 saepe
693 3727 738 3786 eis
759 3728 898 3806 aequalis
919 3728 1080 3808 reperitur,
1103 3726 1142 3788 ad
1165 3735 1288 3788 eontra

418 3980 448 4049 1)
468 3982 500 4033 In
519 3948 561 4034 ed.
579 3936 689 4035 tenet
707 3983 781 4050 apud
800 3981 958 4036 Loeseher.:
985 3989 1015 4035 ut
1032 3983 1130 4036 literae
1149 3989 1202 4037 eto.

415 4072 447 4138 ’p
466 4071 568 4124 Johun.
593 4071 632 4124 ll.
