3075 4775
584 563 740 618 allottriis
760 564 887 633 excepta
1159 565 1200 632 bl}

275 731 444 792 noniuisse
459 731 499 794 de
522 730 659 812 dioecesi
683 733 836 814 Romana,
859 733 913 796 sed
937 736 1066 816 primm
1087 735 1203 811 adiisse

274 815 448 876 ecclesiam.
480 811 528 876 Ob
552 815 592 876 id
620 817 735 880 invicta
762 825 825 879 stat
854 817 957 893 adhuc
978 817 1134 900 Cypriani.
1151 821 1203 883 illa

275 897 428 960 sententia
449 898 587 960 noudum
611 900 722 969 soluta.
768 902 815 962 De
836 899 953 963 influxu
976 903 1086 981 miror,
1114 903 1201 983 ,quud

276 979 363 1044 affert
384 981 480 1043 verba
502 1001 572 1044 mea
594 983 698 1063 fuisse,
722 1003 793 1045 cum
807 984 993 1065 cyprianum
1017 993 1126 1049 contra
1140 987 1202 1077 llo,-

276 1066 430 1126 rabanum
456 1063 646 1146 adduxerim,
669 1065 708 1127 ad
733 1086 825 1148 quem
847 1064 1138 1136 reverendusPater
1159 1071 1203 1155 ui-

275 1147 315 1209 hil
337 1147 506 1228 respondit.
782 1224 786 1232 .
1190 1205 1194 1217 .

356 1229 403 1292 De
427 1227 575 1306 Graecis,
600 1231 698 1294 latcor
719 1253 775 1296 eos
797 1233 871 1294 olim
892 1233 1200 1307 fuissechristiariia

274 1316 367 1376 simos
389 1321 421 1374 et
442 1313 648 1394 doctissimos,
670 1335 738 1381 curn
763 1314 853 1379 Rom.
875 1317 1047 1390 Ecclesiam
1069 1319 1199 1398 primam

274 1396 472 1478 appellabant
502 1395 617 1461 sedem.
661 1399 721 1460 Sed
752 1400 894 1479 superbia
927 1400 999 1461 elati
1032 1408 1063 1462 ct
1084 1402 1201 1464 invidia

274 1480 378 1542 inlecti
407 1479 445 1547 ab
475 1479 648 1546 obedientia
679 1483 766 1546 Rom.
789 1482 878 1544 Sedis
915 1503 950 1544 se
974 1481 1201 1563 subtrahentes,

274 1564 302 1624 in
326 1565 479 1644 pessimos
501 1563 673 1644 inciderunt
694 1585 823 1643 errores,
844 1575 877 1628 et
896 1567 988 1631 simul
1015 1566 1106 1631 tidem
1129 1585 1198 1661 cum

274 1645 1026 1813 ttttttttllllrttttilttgthltltttr
1047 1670 1198 1799 eliruli?

157 1825 158 1852 ¹
276 1814 330 1890 16,
361 1813 454 1875 miror
474 1813 684 1876 venerandum
708 1815 828 1876 Patrem
858 1816 1003 1896 sophistis
1036 1824 1096 1879 tarn
1123 1817 1198 1880 infe·

157 1951 158 1976 ,
274 1902 371 1975 stum,
394 1903 426 1956 et
445 1903 547 1958 tamen
572 1897 777 1978 sophistarum
799 1899 927 1961 cautelis
949 1899 1074 1980 pulchre
1098 1903 1199 1964 utitur.

273 1977 313 2038 ln
333 1997 403 2038 cum
426 1979 465 2038 sit
486 1979 696 2062 respondens,
728 2001 761 2045 se
791 1983 830 2044 ad
860 1990 978 2064 purtem
1011 1986 1197 2064 opponentis

274 2061 425 2122 transfert.
448 2061 549 2137 Quare
571 2063 647 2124 nihil
669 2065 728 2126 iarn
749 2065 942 2147 respondeo,
963 2065 1018 2129 scd
1041 2065 1124 2146 quod
1146 2087 1197 2147 pc·

271 2145 306 2206 tit
327 2164 455 2226 perure
477 2145 609 2226 probari,
631 2147 781 2228 probabo,
803 2169 853 2210 ne.
866 2167 988 2230 semper
1003 2158 1124 2230 tempus
1146 2149 1197 2225 de

157 2301 158 2304 Ἴ
271 2227 420 2289 liberandi
443 2227 606 2310 adportes
629 2249 699 2290 snas
722 2233 835 2292 veniat.

351 2311 514 2373 Postremo
539 2312 700 2376 obscurum
715 2315 881 2376 Doctorem
891 2314 1075 2391 Richardum
1090 2317 1196 2381 Aurar-
1223 2336 1226 2345 ’

270 2414 380 2456 canum
401 2396 523 2468 reiicit,
558 2396 639 2469 illius
662 2397 796 2477 oblitus,
818 2397 900 2479 quod
922 2398 1108 2476 Richardum
1131 2400 1194 2461 dixi

270 2478 301 2537 id
327 2479 431 2539 iacere
459 2478 493 2541 B.
515 2478 627 2541 Leonis
649 2483 821 2544 autoritate.
845 2482 942 2543 Porro
977 2482 1008 2544 id
1038 2502 1079 2544 ex
1108 2483 1196 2545 litera

271 2582 331 2623 non
356 2562 479 2640 evincit,
502 2562 583 2641 quod
607 2565 686 2643 petit
713 2567 943 2625 contentionem
966 2566 1047 2626 inter
1068 2564 1197 2651 gliscipu·

270 2645 317 2706 los
338 2645 469 2723 iactam,
499 2644 638 2707 Christus
666 2648 776 2709 mento
803 2648 1009 2729 reprehendit,
1043 2648 1146 2723 Quare
1168 2656 1199 2709 et

270 2728 364 2788 verba
386 2726 497 2789 Christi
521 2728 556 2807 *j
581 2730 625 2792 sic
647 2738 717 2793 suut
738 2730 935 2811 accipienda,
965 2738 999 2791 ut
1024 2731 1198 2793 contentio·

270 2831 337 2871 uem
360 2812 545 2891 reprimant,
566 2814 728 2892 primatum
751 2833 814 2874 uon
835 2814 984 2875 auferant.
1010 2812 1051 2884 Et
1079 2821 1196 2875 textum

270 2895 425 2973 posterius
461 2894 617 2955 inductum
647 2894 745 2958 credit
771 2897 959 2959 reverendus
973 2894 1072 2957 ⁴Pater
1092 2897 1196 2959 lacere

270 2996 325 3056 pro
348 2995 400 3053 se,
436 2977 518 3056 quod
542 2978 679 3039 Christus
708 2980 870 3059 apostolos
891 2981 1050 3042 vocaverit
1077 2979 1197 3051 batres.

271 3061 356 3121 etita
377 3079 447 3121 eum
462 3078 532 3139 ‘non
555 3060 662 3121 lecerit
684 3064 842 3141 maiorem.
865 3063 908 3128 At
929 3064 953 3126 si
976 3060 1070 3124 verba
1092 3072 1197 3137 textus

270 3142 474 3223 ponderaret,
507 3144 550 3205 uti
572 3142 651 3207 alias
671 3145 773 3217 lacere
795 3146 895 3224 solet,
915 3147 977 3207 iarn
1000 3146 1119 3207 videret
1139 3146 1194 3207 Pe·

158 3218 161 3233 '
270 3234 346 3289 trum
370 3225 438 3287 aliis
461 3246 480 3287 a
504 3226 612 3287 ostolis
636 3230 836 3309 superiorem,
859 3239 927 3292 oum
952 3229 1051 3291 maior
1072 3230 1195 3291 sitcou·

270 3306 393 3370 firmans
416 3247 607 3371 couhrmato.
631 3308 718 3379 ¹Hoc
740 3318 779 3373 de
801 3312 1006 3375 solutionibus
1029 3311 1153 3374 dictum.

354 3392 453 3453 Venio
477 3412 550 3483 ergo
572 3389 610 3453 ad
634 3394 815 3477 principale,
837 3394 920 3475 quod
943 3393 1030 3476 petit,
1050 3392 1193 3475 probatu·

269 3495 319 3535 rus
341 3477 504 3558 primatum
528 3471 679 3559 ecelesiae
699 3476 860 3541 Romanae
893 3498 962 3539 esse
991 3478 1029 3540 de
1058 3479 1124 3539 iure
1143 3478 1195 3540 ,oi-

270 3559 340 3620 vino
364 3564 395 3619 ct
417 3559 636 3621 constitutione
659 3560 795 3637 Christi,
816 3562 874 3631 ita,
898 3562 980 3641 quod
1003 3562 1111 3623 Petrus
1132 3562 1194 3621 lue-

270 3642 307 3700 rit
328 3640 497 3702 monarcha
519 3642 682 3721 ecclesiae,
702 3644 854 3713 aChristo
866 3645 1114 3717 ,institutuscum
1130 3643 1193 3703 suis
1297 3646 1302 3658 '

270 3724 508 3786 successoribus.
538 3725 598 3785 Pro
636 3725 707 3805 quo'
729 3735 837 3807 repeto
866 3730 1016 3791 rationem
1045 3726 1193 3791 Bernardi

159 3860 161 3899 ,
269 3807 423 3867 inductam
447 3814 478 3867 et
499 3804 635 3868 nondum
659 3809 801 3874 solutam.
843 3811 963 3894 Repeto
993 3811 1107 3874 dietum
1135 3806 1192 3888 cy.

269 3890 366 3970 priapi
388 3888 607 3971 parilormiter,
643 3899 675 3954 et
700 3894 791 3954 tertio
813 3892 912 3974 probo
939 3914 995 3974 per
1022 3892 1076 3954 illa
1099 3889 1193 3955 verba

257 4122 272 4155 0
304 4077 335 4145 ⁸)
358 4076 422 4133 Iuro.
435 4026 478 4133 ¹22
