3075 4775
518 527 547 576 et
562 522 746 579 Surnomo
763 524 965 578 erreturistise.¹
1123 521 1198 590 439
1247 579 1252 584 ,

274 711 305 769 in
338 716 369 769 te
402 709 546 771 elueennt
577 709 632 772 ille
662 712 797 772 oaritntis
825 710 942 788 effluis,
977 720 1008 772 et
1027 712 1055 772 si
1083 713 1197 774 senties

276 794 424 854 maiorem
459 793 612 854 bonorum
649 813 776 876 operum
809 802 993 875 proventum
1020 815 1041 855 s
1073 805 1196 876 sumpto

276 881 489 953 ssoremeum,
511 895 603 956 quem
626 885 700 938 ente
720 886 946 938 sacromentum
970 883 1134 958 sumptum.
1156 898 1160 907 ·

358 957 450 1034 Quod
484 959 518 1019 si·
540 961 675 1020 eeritstis
711 960 830 1033 offioie,
847 981 910 1022 nou
940 967 1120 1042 sequentur,
1160 981 1198 1022 ee

274 1044 389 1103 senties
412 1061 513 1120 neque
535 1062 589 1104 eor
606 1063 708 1123 neque
729 1045 823 1104 vitem
847 1052 930 1104 tuem
958 1045 1119 1123 quiequam
1142 1046 1197 1104 im-

274 1131 437 1203 mutatam,
472 1127 546 1187 item
576 1126 682 1188 videns
709 1131 747 1188 te
768 1147 894 1207 prorsus
924 1148 986 1189 non
1024 1129 1141 1190 moveri
1164 1128 1194 1186 in

275 1208 396 1270 afflietis
428 1208 520 1270 rebus
553 1211 595 1270 tui
625 1211 768 1290 proximi.
817 1212 960 1292 Magnam
997 1213 1070 1272 setis
1099 1211 1195 1272 hebes

274 1312 416 1369 eausam,
448 1312 529 1371 quse
556 1293 647 1354 tend
670 1294 818 1354 erendum
840 1294 989 1374 impellet.
1033 1294 1084 1354 Sie
1105 1295 1196 1374 igitur

275 1375 398 1436 Christo
421 1374 461 1435 de
482 1381 534 1437 tue
558 1376 681 1437 miserie
704 1379 920 1457 conquereris:

356 1442 443 1518 Bone
463 1459 596 1520 Domine
617 1459 701 1536 lesu,
730 1480 790 1542 ego
813 1461 936 1540 quidem
960 1461 1001 1520 ed
1023 1478 1195 1520 sacramen·

274 1550 337 1602 tum
360 1541 487 1619 eeeedo,
508 1561 613 1603 verum
634 1543 749 1604 nullum
764 1564 802 1604 ee
824 1564 863 1604 ex
884 1563 918 1604 re
933 1545 1033 1604 sentio
1054 1543 1195 1618 fructum,

273 1645 396 1704 semper
414 1625 497 1685 idem
520 1645 642 1705 maneo,
664 1628 765 1687 sentio
789 1627 889 1688 adhue
904 1627 1194 1706 eoncupiseeutium,

272 1711 365 1785 mem,
386 1708 535 1768 invidiam
558 1716 635 1785 ete,
657 1717 689 1770 et
709 1717 814 1772 menet
836 1711 917 1791 apud
940 1729 989 1770 me
1011 1710 1129 1770 otiosus
1151 1710 1194 1768 in·

272 1811 350 1873 gene
370 1791 424 1852 ille
445 1792 616 1857 thesaurus.
661 1793 708 1853 Da
727 1795 829 1874 igitur,
855 1801 887 1854 ut
907 1794 1038 1854 fructum
1061 1792 1193 1871 aliquem

271 1875 345 1936 inde
364 1877 495 1954 sepiem,
517 1895 556 1935 ee
577 1883 610 1936 ut
630 1878 761 1936 sentiam
783 1876 861 1937 elios
885 1883 1000 1951 motus,
1022 1877 1095 1936 item
1118 1875 1194 1934 alias

272 1960 411 2019 potiones
446 1958 486 2019 sb
525 1959 586 2020 hoo
621 1967 817 2020 eseremento
851 1960 944 2020 inseri
975 1961 1078 2019 animo
1113 1977 1193 2018 meo.

273 2040 364 2117 Quod
386 2043 412 2102 si
432 2043 529 2102 semei
550 2044 692 2122 coeperis
713 2045 881 2120 immutari,
912 2042 979 2118 fiet,
1008 2048 1042 2101 ut
1062 2039 1194 2101 subinde

274 2127 373 2205 magis
408 2125 613 2204 confirmeris,
652 2134 684 2188 et
714 2135 748 2186 ut
778 2129 809 2187 in
843 2127 908 2186 dies
940 2126 1009 2205 plus
1041 2125 1192 2185 bonorum

273 2228 401 2289 operum
425 2208 510 2270 edes.
803 2267 808 2278 ,
1238 2215 1243 2220 “

246 2298 249 2304 ’
353 2291 461 2370 Neque
484 2292 565 2351 euim
588 2292 666 2360 haee
684 2293 748 2354 vite
768 2293 850 2353 eliud
874 2301 930 2372 est,
955 2311 1044 2372 quarn
1069 2291 1191 2371 quidem

273 2373 414 2437 assiduus
436 2374 524 2453 fidei,
557 2377 692 2437 caritatis
715 2382 748 2437 et
768 2379 865 2437 erucis
889 2397 973 2453 usus,
1005 2396 1066 2437 non
1090 2382 1192 2437 tamen

275 2464 304 2519 in
331 2458 394 2519 ullo
424 2459 583 2519 hominum
611 2460 747 2539 perfeeto
778 2461 855 2521 haee
883 2462 939 2519 trie
961 2479 1030 2519 esse
1053 2468 1192 2539 possunt.

272 2542 306 2602 Iu
329 2543 451 2603 Christo
483 2542 605 2621 quidem
629 2543 767 2622 perfeeto
790 2543 1026 2620 hese-fuerunt,
1062 2544 1113 2620 qui
1136 2561 1194 2601 eeu

273 2626 322 2686 sol
349 2627 525 2705 propositus
553 2634 601 2687 est
629 2626 719 2687 nobis
748 2626 938 2705 exemplum,
973 2625 1055 2705 quod
1084 2644 1201 2695 omnes

272 2710 445 2785 imitemur,
467 2711 586 2770 etiamsi
609 2728 764 2788 nunquam
789 2710 942 2791 possimus
965 2708 1099 2787 assequi.

358 2791 488 2873 Semper
520 2794 613 2873 igitur
647 2795 783 2873 reperies
816 2791 999 2853 firmioribus
1036 2791 1192 2851 immixtos

272 2874 546 2953 intrimentorum
568 2876 614 2936 his
638 2895 761 2957 quoque
783 2877 902 2955 sliquos
916 2876 1075 2953 firmiores,
1098 2881 1191 2951 etque

271 2958 316 3017 illi
339 2958 461 3037 quidem
483 2960 596 3040 parvis,
618 2960 649 3019 hi
671 2960 838 3021 maioribus
860 2958 1084 3019 eelemitetibus
1107 2976 1192 3017 exer-

273 3047 396 3120 centur,
419 3049 451 3102 ut
472 3043 515 3103 ite
537 3062 645 3103 omnes
666 3043 834 3104 reddantur
855 3043 1029 3103 conformes
1051 3042 1208 3120 imaginis*

274 3121 398 3187 Christi.
439 3126 494 3186 sie
514 3127 596 3186 euim
618 3134 724 3187 nostre
744 3127 824 3188 haee
845 3128 909 3187 vite
930 3145 999 3187 esse
1021 3124 1128 3201 debet,
1161 3132 1194 3182 ut

176 3205 179 3210 ’
273 3207 1193 3287 mfflmfflmoemmmmmmmm

273 3293 382 3352 tientie
401 3293 432 3351 iu
455 3294 650 3371 patientiam,
685 3294 724 3353 de
750 3313 843 3355 eruoe
870 3295 901 3353 in
925 3310 1044 3353 orueem
1069 3310 1193 3372 progre-

275 3374 404 3435 diamur.

357 3458 465 3537 Neque
487 3458 580 3519 debet
601 3459 661 3520 diei
684 3460 762 3520 bueo
784 3461 847 3523 vita
868 3460 998 3536 iustitie,
1035 3457 1089 3518 sed
1110 3459 1193 3517 iusti-

276 3541 394 3619 fiestio,
416 3558 479 3602 uon
501 3544 635 3621 puritas,
658 3542 712 3604 sed
734 3542 918 3623 purificatio.
957 3542 1106 3623 'Nondum
1124 3542 1193 3601 etti·
1227 3602 1230 3609 ,

275 3626 376 3705 gimus
396 3624 480 3684 illem
504 3635 635 3702 metum,
657 3646 738 3706 quoe
758 3626 848 3689 uobis
868 3628 1031 3707 preposite
1054 3633 1116 3701 est,
1139 3622 1194 3683 sed

275 3707 315 3769 su
356 3726 423 3770 eom
457 3710 688 3787 contendimus,
728 3717 759 3770 et
791 3711 852 3771 iem
890 3730 994 3771 sumus
1031 3714 1059 3770 in
1096 3728 1195 3767 eursu.

275 3790 406 3866 Quidem
426 3792 551 3873 longius
574 3795 782 3870 enuntiem,
815 3794 939 3873 quidem
961 3803 1063 3873 eutem
1087 3789 1204 3871 proeul‘

161 3900 165 3905 ⁴
277 3875 355 3935 ulios
376 3882 552 3954 sequnntur.
598 3877 747 3939 Probatur
775 3884 878 3939 eutem
900 3879 967 3939 Deo
990 3884 1119 3939 conatus
1140 3892 1195 3935 uo·

276 3965 353 4035 ster,
382 3960 408 4018 si
433 3958 535 4020 videet
557 3979 614 4021 nos
636 3961 676 4021 ed
698 3966 811 4021 motem
840 3962 1045 4039 oontendere,
1074 3958 1194 4018 etiamsi

276 4041 374 4103 ufflruo
407 4042 530 4125 longius
561 4043 601 4106 sb
629 4063 669 4106 ee
695 4044 840 4110 absimus.
883 4046 924 4107 Et
950 4045 1002 4109 ubi
1030 4060 1108 4124 opus
1137 4048 1194 4120 est,
