3075 4775
351 535 415 604 466
606 537 673 596 :VL
691 538 795 597 Concic
813 537 962 606 Quomodo
980 542 1018 596 sit
1058 581 1060 584 .

353 724 398 787 dit
428 731 462 785 ct
488 731 519 785 tc
548 724 588 786 ad
609 724 763 786 Christum
798 723 945 803 troducit,
979 730 1012 784 ut
1044 725 1144 809 possis
1175 723 1275 800 morti,

352 813 483 888 peceato
512 814 544 867 et
570 809 689 869 inferno
720 809 766 870 sic
788 807 905 869 dicere:
934 808 1017 869 Deus
1039 807 1180 888 promisit
1203 806 1277 866 mihi

353 892 486 972 gratiam
515 911 621 970 suem,
652 893 782 971 eiusque
813 893 858 954 rei
890 899 1006 952 certum
1040 890 1126 953 dedit
1154 891 1277 970 signum

354 994 410 1036 ceu
428 976 539 1055 pignus
561 975 717 1054 quoddam
738 977 770 1036 in
792 975 1009 1052 sacramentis,
1043 971 1127 1053 quod
1155 983 1187 1034 et
1215 973 1279 1032 vita

354 1057 464 1120 Christi
486 1077 587 1118 meam
608 1067 738 1120 mortem
761 1078 817 1118 sua
838 1066 937 1137 morte
959 1057 1121 1135 devicerit,
1151 1063 1183 1116 et
1204 1055 1278 1118 ube

353 1141 471 1202 dientia
491 1140 604 1206 Christi
626 1161 697 1202 mea
717 1141 874 1204 sustulerit
894 1161 951 1202 sus
973 1143 1120 1221 passione
1136 1145 1278 1220 peccata,

240 1299 245 1308 ρ
354 1231 386 1286 et
406 1244 495 1285 emor
508 1224 630 1304 Christi,
650 1227 683 1286 in
704 1226 752 1287 sui
764 1224 978 1303 derelictione,
1001 1225 1152 1286 infernum
1175 1242 1278 1284 meum

353 1307 568 1370 devastaverit.

436 1391 523 1452 Haec
542 1393 632 1472 signa
651 1392 783 1472 gratiae,
810 1391 889 1452 haec
916 1393 990 1453 item
1020 1391 1125 1452 scintis
1148 1391 1280 1469 promis-

354 1477 401 1535 sio
434 1493 591 1553 nunquam
613 1495 664 1534 me
683 1474 780 1552 fellet,
802 1475 886 1534 Deus
908 1476 1064 1554 promisit,
1087 1475 1171 1534 Deus
1194 1492 1280 1534 men-

355 1559 403 1618 tiri
424 1576 488 1618 uon
509 1564 629 1637 potest,
662 1558 720 1619 Dei
749 1576 852 1636 neque
875 1557 973 1636 dicte,
1000 1576 1101 1637 neque
1122 1557 1205 1616 facta
1227 1556 1281 1616 tal-

354 1643 429 1702 tunt.
472 1640 532 1714 Qui
563 1640 603 1702 ad
630 1640 712 1701 huuc
742 1641 867 1704 modum
897 1641 992 1702 verbo
1015 1642 1073 1728 Dei
1094 1641 1216 1716 nititur,
1252 1647 1282 1700 et

354 1725 556 1786 sacramentis
590 1743 646 1784 ceu
673 1724 777 1785 fuderis
814 1743 900 1786 susm
928 1731 1080 1787 sustentat
1111 1723 1223 1802 fidem,
1257 1725 1282 1782 is

356 1827 419 1870 non
442 1807 569 1868 multum
592 1808 633 1868 de
655 1808 940 1887 praedestinatione
962 1808 1111 1870 sollicitus
1134 1809 1201 1885 crit,
1227 1805 1283 1866 scd

355 1898 439 1953 certo
462 1893 575 1952 sentiet
597 1892 695 1953 Deum
726 1893 773 1952 sui
796 1893 953 1952 misertum
974 1893 1006 1952 in
1027 1891 1155 1972 gratiam
1179 1909 1216 1950 se
1238 1909 1283 1951 rc-

355 1995 393 2037 ce
413 1993 486 2034 isse.
1282 2009 1286 2016 -

393 1995 412 2055 p
438 2057 535 2118 Sexto
556 2057 696 2136 decimo,
736 2058 798 2120 hcc
824 2058 917 2138 igitur
944 2058 1081 2120 omnium
1110 2057 1281 2118 maximum

355 2149 419 2217 est,
451 2147 485 2200 ut
522 2139 755 2221 magnificemus
788 2148 819 2202 et
851 2159 1047 2202 revereamur
1074 2146 1282 2218 sacramente,

354 2227 454 2302 iisque
487 2225 669 2301 innitemur,
705 2226 888 2303 proponitur
922 2225 1004 2284 enim
1034 2222 1125 2284 nobis
1156 2224 1188 2282 in
1219 2223 1281 2282 illis

356 2307 482 2368 verbum
509 2306 585 2385 Dei,
619 2309 783 2387 promissio
815 2315 847 2368 et
873 2309 996 2387 signum
1024 2307 1120 2367 divini
1152 2307 1282 2368 tsvcris.

356 2391 434 2451 Tum
456 2398 560 2455 untem
581 2391 656 2452 illud
679 2390 747 2469 fiet,
781 2411 849 2453 cum
873 2392 1033 2453 credemus
1071 2410 1172 2470 neque
1194 2390 1282 2453 dubi·

356 2473 489 2536 tabimus
511 2481 574 2536 tam
597 2473 860 2555 desecrementis,
882 2483 946 2537 turn
967 2475 1006 2535 de
1029 2475 1065 2535 iis
1083 2474 1184 2551 rebus,
1209 2493 1283 2552 que

356 2579 421 2619 rum
445 2565 516 2619 sunt
537 2559 645 2638 signa.¹
678 2558 769 2632 Quod
794 2560 819 2619 si
841 2558 971 2637 dubites,
993 2558 1068 2619 nihil
1092 2559 1221 2620 omniuo
1245 2577 1286 2617 ca,

355 2641 411 2703 tibi
439 2641 615 2722 proderunt.
659 2642 749 2721 Nem,
771 2644 850 2703 sicut
871 2642 1009 2703 Christus
1037 2642 1127 2703 dicit:
1157 2642 1283 2701 Unicui-

315 2750 319 2755 ·
356 2744 416 2805 que
436 2722 471 2785 fit
492 2724 661 2786 secondum
683 2725 776 2786 fidem
798 2746 895 2787 suum.

439 2807 520 2882 Quid
548 2809 646 2888 enim,
679 2828 812 2888 quaeso,
845 2810 899 2871 tibi
926 2807 1089 2887 profuerit,
1111 2809 1138 2869 si
1170 2807 1281 2867 credas
1384 2818 1385 2823 ’

355 2892 509 2953 Christum
533 2896 673 2972 peccata,
696 2899 826 2961 mortem
849 2900 881 2953 et
901 2891 1052 2952 infernum
1075 2892 1207 2953 eliorum
1231 2890 1281 2951 dc-

356 2977 477 3053 vicisse,
500 2983 532 3035 et
552 2995 615 3037 non
638 2975 746 3036 credes
769 2975 922 3037 devicisse
943 2994 1012 3035 sum
1036 2983 1119 3037 tuem
1137 2982 1281 3051 mortem,

355 3066 409 3119 tue
428 3066 574 3138 peccata,
607 3066 639 3119 et
667 3067 751 3120 tuum
778 3060 946 3137 infernum,
976 3062 1067 3137 teque
1087 3057 1280 3119 redemisse?

355 3134 480 3204 Frustra
501 3162 624 3222 quoque
644 3147 872 3224 sacramentum
896 3162 1013 3216 sumes,
1041 3144 1066 3203 si
1089 3161 1152 3205 non
1173 3141 1281 3202 credas

355 3228 461 3287 omnis
481 3225 553 3304 illa,
586 3244 666 3305 quae
698 3229 729 3285 in
754 3233 950 3287 sacramento
973 3226 1028 3287 tibi
1050 3227 1280 3306 promittuntur,

355 3311 387 3369 in
416 3318 445 3369 te
470 3311 532 3369 iam
554 3307 669 3371 collata
701 3330 739 3370 ec
771 3318 824 3371 tus
851 3330 920 3371 esse
949 3310 1040 3371 fecte.
1086 3310 1199 3370 Verum
1219 3309 1282 3371 hcc

356 3394 491 3453 omnium
515 3401 564 3455 est
585 3395 800 3473 gravissimum
813 3400 977 3474 peccatum
988 3394 1175 3472 existimare,
1198 3390 1281 3473 quod

354 3482 388 3546 ,et
407 3476 440 3535 in
467 3477 563 3539 verbo
583 3496 657 3555 suc,
686 3479 777 3558 signo
808 3487 839 3539 ct
871 3497 965 3559 opere
1000 3478 1084 3537 Deus
1106 3480 1280 3557 mentiatur,

355 3560 428 3620 item
449 3561 635 3639 existimare,
658 3561 742 3639 quod
764 3562 847 3624 dicct
869 3563 1079 3642 etprcmittct,
1103 3578 1279 3642 quseprae-

356 3651 439 3705 stare
458 3662 615 3723 nunquam
637 3645 721 3705 velit.

438 3727 510 3787 Non
529 3729 622 3807 igitur
637 3728 716 3788 levis
738 3749 787 3789 res
811 3736 867 3809 est,
890 3738 1116 3793 sacramentum
1128 3730 1280 3809 accipere,

355 3813 517 3891 requiritur
539 3811 631 3871 adid
652 3812 747 3893 fides,
784 3832 844 3892 qua
870 3812 980 3875 sensura
1001 3836 1035 3877 se
1056 3814 1116 3874 illis
1140 3814 1197 3873 Dei
1219 3814 1279 3891 sig-

355 3898 407 3971 nis
438 3903 470 3956 et
496 3896 751 3974 promissionibus
781 3900 962 3959 committat.
1004 3902 1089 3961 Deus
1123 3899 1204 3959 enim
1226 3916 1277 3957 nc-

356 3987 434 4057 ater,
457 3980 540 4039 Deus
563 3987 787 4060 servatorem,
824 3984 875 4062 qui
898 4002 918 4042 s
938 3992 1059 4062 morte,
1095 3988 1225 4063 peccato
1249 3986 1280 4039 et

356 4064 474 4124 inferno
502 4081 561 4123 nos
593 4062 711 4125 liberat.
756 4066 828 4127 Ncn
857 4068 949 4147 igitur
980 4070 1208 4131 contemnende
1229 4087 1278 4127 ne-
