3075 4775
541 557 697 613 alatoriis
715 564 840 631 excepta
1098 556 1159 627 165
1249 528 1253 541 δ

248 764 333 806 ame
361 744 467 805 vitium
499 747 624 830 operis,
657 745 825 808 secundum
853 741 936 825 quod
963 749 1158 829 impugnatus

247 848 309 888 snm
336 848 355 888 a
376 828 413 889 l).
435 829 472 891 D.
495 828 705 891 Conclusione
726 848 796 890 mea
826 831 875 892 42.
897 831 928 889 in
950 831 1157 913 Resolutorio,

246 911 292 972 ubi
314 912 360 971 sic
381 910 462 971 dixi:
505 912 577 973 Non
598 912 682 992 qood
703 914 813 974 veniae
843 913 905 973 sint
931 914 1031 975 malae
1053 922 1084 975 st
1103 935 1157 977 no·

244 996 326 1069 riae,
355 994 411 1054 sed
439 995 521 1073 qnod
543 995 656 1056 abusus
678 1014 839 1076 perversus
862 1003 968 1075 nocet,
996 998 1068 1059 dum
1095 1000 1158 1061 tale

244 1097 319 1153 ocus
340 1096 405 1138 non
426 1078 582 1159 lacerent,
617 1080 675 1139 nisi
701 1080 812 1139 veniae
840 1085 952 1140 essent.
996 1079 1046 1141 Sic
1075 1083 1162 1141 enim·

243 1160 436 1241 llnisopsris
458 1161 632 1223 huiusmodi
652 1160 687 1221 lit
700 1163 768 1242 ipsa
780 1162 881 1239 venia,
903 1168 935 1223 et
955 1162 1156 1224 clarissimum

243 1252 302 1323 est,
331 1243 418 1324 quod
444 1263 515 1306 raro
536 1244 685 1307 'homines
706 1240 950 1320 commonerent,
979 1248 1037 1306 nisi
1059 1247 1156 1307 indul·

242 1328 364 1408 gentioe
387 1328 643 1406 promitterentur.
668 1328 742 1389 ldeo
765 1347 887 1407 semper
907 1328 949 1389 ibi
971 1335 1019 1389 est
1039 1331 1155 1410 pericu·

243 1411 313 1486 lum,
336 1410 447 1471 saltem
468 1412 570 1473 vitiosi
593 1412 704 1492 operis.

322 1492 442 1569 Quarto
472 1492 591 1555 induxit
618 1493 773 1555 laudabile
793 1492 1032 1555 constantiense
1053 1496 1156 1556 conci·

242 1575 321 1655 lium,
343 1575 429 1657 quod
449 1576 529 1638 inter
548 1596 668 1638 errores
680 1583 800 1639 ceteros
823 1576 981 1637 damnavit
998 1586 1155 1659 contemp-

242 1668 301 1719 tum
314 1657 582 1739 indulgentiarum.
604 1660 807 1740 Respondeo:
829 1659 991 1739 Nunquam
1004 1680 1064 1741 ego
1083 1680 1154 1723 con-

240 1744 350 1823 tempsi
372 1749 425 1802 ant
446 1742 687 1804 contemnendas
707 1762 778 1803 esse
794 1742 895 1823 docui,
918 1744 976 1803 nisi
998 1750 1168 1826 contemp-¹

240 1833 286 1887 tus
312 1825 503 1905 intelligatur
529 1827 590 1889 hoc
616 1825 723 1904 modo,
759 1825 842 1905 quod
874 1826 1155 1907 incomparabiliter

241 1909 369 1970 meliora
388 1926 552 1989 possumus
578 1908 695 1971 eisdem
725 1910 869 1989 expensis
892 1908 1012 1985 facere,
1045 1910 1154 1989 quibus

239 1991 450 2073 indulgentiae
470 1992 667 2070 redimuntur,
689 1991 738 2052 vel
760 2010 852 2071 quam
864 1998 935 2052 sunt
944 1991 1154 2081 indulgentiae

240 2077 332 2157 ipsae.
377 2073 480 2149 Quare
504 2075 720 2155 praerogativa
748 2075 883 2135 melioris
919 2092 981 2135 ncn
1009 2082 1057 2135 est
1082 2094 1154 2137 con·

240 2164 371 2238 temptas
391 2157 561 2235 deterioria,
583 2160 664 2219 sicut
685 2176 791 2217 aumm
814 2175 875 2219 uon
898 2164 945 2218 est
959 2165 1153 2239 contemptus

240 2242 311 2321 ligni
332 2247 388 2301 ant
403 2240 501 2312 ioeni,
523 2242 580 2302 etsi
603 2241 816 2320 praestantius.
1054 2243 1058 2251 '

319 2324 379 2384 Per
403 2323 485 2383 idem
507 2322 547 2384 ad
568 2325 724 2404 quintum,
752 2322 804 2384 ubi
826 2321 998 2384 Gersonem
1028 2322 1154 2406 inducit,

239 2407 496 2489 indulgentiarum
518 2407 751 2470 concessionem
786 2425 848 2468 non
871 2425 940 2468 esse
974 2409 1058 2486 parvi
1081 2427 1153 2487 pen·

239 2490 380 2566 dandam,
402 2490 503 2564 addo,
523 2492 554 2551 in
578 2507 634 2551 suo
656 2509 780 2572 genere,
803 2509 857 2549 seu
880 2490 1046 2568 sicutipse
1068 2489 1153 2568 dixit,

238 2576 348 2635 ceteris
369 2573 502 2654 paribus.
544 2573 610 2634 Nec
631 2572 724 2634 medo
744 2572 827 2633 hanc
847 2574 1031 2633 sententiam
1054 2573 1090 2633 D.
1113 2574 1152 2636 D.

236 2658 309 2718 satis
331 2656 479 2737 placere,
506 2655 589 2733 quod
615 2655 825 2736 indulgentiae
850 2655 913 2716 sint
940 2652 1154 2736 suscipiendas

235 2741 263 2800 in
284 2739 359 2816 fide,
382 2757 439 2820 spe
459 2742 491 2799 et
511 2740 648 2815 caritate,
670 2757 739 2798 cnm
762 2739 894 2799 tenuerit
914 2739 1152 2799 satifactionem

235 2823 355 2904 impleri
376 2830 409 2884 et
429 2821 540 2883 remitti
561 2839 671 2903 posse,
699 2823 793 2882 ctiam
814 2821 867 2894 iis,
903 2822 954 2899 qui
975 2829 1046 2882 sunt
1067 2827 1154 2905 extra

235 2906 373 2986 gratiam.
396 2903 618 2980 Admitterem,
642 2903 726 2982 quod
745 2904 930 2964 fructuosior
952 2905 991 2964 sit
1012 2905 1152 2984 operatio

236 2989 370 3049 innitens
392 2987 591 3067 indulgentiis
613 3005 704 3066 quam
728 2987 825 3047 altera
846 3005 907 3048 non
929 2988 1082 3063 innitens,
1105 3007 1153 3047 ce·

234 3072 305 3132 teris
328 3069 470 3151 paribus,
501 3069 595 3132 modo
618 3077 722 3132 cetera
740 3069 796 3130 illa
816 3070 903 3149 paria
925 3077 1009 3132 recte
1030 3088 1152 3150 compa·
1200 3103 1202 3108 ·

234 3160 353 3229 rentur,
383 3154 463 3214 sicut
482 3171 545 3214 non
567 3171 648 3234 nego
677 3153 835 3214 meliorem
856 3171 925 3213 csse
947 3171 1039 3232 posse
1060 3172 1150 3214 unam

235 3239 409 3316 orationem
432 3235 617 3297 dominicam
640 3236 721 3311 laici,
743 3255 835 3315 qoam
859 3253 967 3298 omnes
989 3235 1082 3296 horas
1104 3255 1152 3297 aa

235 3321 367 3381 nonicas
390 3320 479 3378 unius
500 3318 680 3383 sacerdotis.

316 3400 415 3462 Sexto
446 3400 563 3462 inducit
593 3401 627 3462 Β.
648 3401 832 3482 Gregorium
870 3405 942 3462 ants
978 3410 1152 3482 nongentos

234 3503 345 3555 annos,
366 3484 544 3546 Pascssinm
565 3491 638 3546 ante
659 3492 823 3546 sexcentos
844 3501 943 3544 annos
964 3483 1086 3546 dedisse
1107 3485 1168 3544 in·

232 3567 426 3649 dulgentias,
444 3568 602 3650 quamvis,
629 3567 777 3628 recitante
799 3564 974 3627 Vuilhelmo
995 3566 1152 3629 Altisidio·

231 3652 325 3726 rensi,
346 3649 442 3728 aliqui
464 3649 707 3712 contradixerint
718 3649 749 3711 θ.
764 3648 926 3729 Gregorio.
950 3650 1151 3730 Respondec:

231 3733 379 3796 Nondum
400 3732 502 3793 liabeo
523 3731 586 3793 ilde
606 3733 729 3814 dignam
752 3732 910 3793 historiam
934 3732 972 3794 de
992 3733 1152 3813 indulgen·

233 3818 281 3876 tiis
303 3815 516 3896 &muenia
545 3816 661 3876 Tamen
685 3813 832 3894 quidquid
855 3816 904 3893 sit,
926 3834 988 3877 non
1010 3817 1082 3876 ideo
1105 3835 1150 3876 se-

233 3901 357 3978 quitur,
379 3897 586 3978 indulgentias
609 3917 679 3960 esse
699 3897 799 3972 alind,
822 3915 914 3976 qnam
935 3899 1151 3978 indulgentias,

233 3981 295 4043 hoe
317 3987 382 4057 est,
403 3982 602 4043 remissiones
621 3981 772 4043 bonorum
795 4000 937 4061 operum,
961 4001 1037 4060 quas
1058 3999 1149 4040 nemo

235 4064 336 4128 bonas
364 4065 480 4148 poterit
509 4064 669 4147 appellare
688 4063 892 4144 Ghristiauis,
928 4061 1151 4146 quantumlibet
