3075 4775
555 562 574 599 a
587 547 851 617 llbtarllsexoapta.
1059 566 1064 579 =
1106 542 1169 613 158

167 789 168 796 ,
245 734 353 794 nitente
372 734 456 802 inter
476 732 656 817 apoorypbu
676 740 834 809 reoenset,
857 748 917 813 qua
938 734 1102 795 anton'tate
1124 732 1167 813 lit,

247 824 279 877 nt
295 817 366 877 mibi
379 816 460 879 liber
470 816 726 878 Maehabaeornm
740 818 780 877 sit
792 822 895 897 gratus
906 817 1099 897 etprobetus,
1113 817 1167 877 sed

246 901 560 981 contentiosispateat
571 899 780 981 adrepulsam.
794 899 975 961 Satishodie
986 901 1024 961 de
1033 902 1165 961 oonoilio

247 983 331 1062 dixi,
355 986 439 1061 imo,
462 991 497 1044 nt
516 986 648 1064 ipsemet
669 984 709 1048 D.
732 984 888 1045 anian:
912 983 1083 1044 Gonoilium
1107 1003 1168 1045 non

247 1073 336 1143 errat,
359 1069 385 1127 si
408 1074 513 1127 autem
537 1074 626 1144 errat,
649 1086 711 1128 non
735 1074 783 1128 est
797 1067 970 1143 oonoilium,
994 1075 1025 1127 et
1043 1074 1076 1127 ut
1098 1084 1168 1127 meo

248 1170 339 1211 sensu
362 1150 498 1230 loquar,
537 1150 630 1211 oredo
653 1151 816 1211 ooneilium
849 1156 881 1210 at
908 1151 1070 1211 eeclesiam
1094 1170 1169 1211 nun·

247 1254 338 1313 qnam
360 1245 473 1312 errare,
497 1236 528 1294 in
550 1234 597 1293 his
619 1250 700 1313 quae
721 1240 793 1295 sunt
814 1232 896 1312 fidei,
917 1234 949 1293 in
972 1235 1083 1294 ueteris
1106 1252 1169 1294 nou

247 1324 295 1379 est
312 1336 445 1379 neeesse
466 1336 529 1378 non
554 1336 664 1378 errare.

327 1399 421 1475 Quod
445 1408 519 1461 vero
541 1401 716 1479 exclamat,
743 1392 903 1460 latibulum
925 1399 986 1458 hoo
1008 1416 1077 1457 esse
1099 1397 1170 1457 hae·

249 1486 436 1563 retioornm,
468 1486 520 1565 qui
548 1483 607 1545 buo
627 1483 740 1543 flduoia
773 1482 925 1562 quaslibet
959 1481 1171 1561 expositiones

245 1568 445 1629 autoritatum
481 1567 649 1628 refutarent
673 1567 725 1631 uel
751 1568 941 1645 reciperent,
975 1563 1170 1644 respondeo:

247 1650 349 1725 Quare
369 1649 433 1710 boo
453 1670 514 1711 non
538 1656 608 1710 suut
629 1651 791 1730 conquesti
813 1648 843 1712 S.
866 1648 1070 1729 Augustinus,
1100 1646 1170 1708 Hie·

246 1753 406 1814 ronymus,
427 1734 541 1813 aliique
554 1734 798 1794 viatoriosissimi
820 1732 1045 1793 haereticorum
1069 1733 1171 1791 trium-

247 1818 404 1897 phatores,
427 1817 481 1878 sed
503 1816 626 1877 donatis
648 1816 799 1897 ambiguis
822 1816 898 1877 loeis
918 1813 1171 1875 studueruntoer-

247 1902 284 1960 tis
303 1907 338 1961 et
357 1902 473 1981 apertis
495 1900 573 1961 loeis
592 1900 755 1981 pugnare?
791 1899 858 1959 Hoo
891 1898 1038 1959 laaiamus
1070 1902 1102 1959 et
1131 1896 1170 1958 de
1250 1918 1251 1921 ¹

248 1983 413 2044 animabus
434 1983 465 2043 in
487 1984 674 2064 purgatorio.

328 2066 379 2127 Ad
409 2085 490 2127 rem:
506 2066 563 2126 nd
595 2067 793 2126 autoritatum
817 2064 1004 2125 solutionem
1026 2062 1121 2141 dixit,
1151 2082 1170 2123 a

247 2169 295 2211 me
318 2155 517 2229 ,oontemptos
540 2150 845 2229 asse'Augustinum,
872 2144 1079 2224 Ambrosium,
1091 2147 1171 2206 ‘Ber-

248 2233 396 2310 nardum,
433 2232 675 2313 Hieronymum,
697 2231 899 2312 Gregorinm,
928 2229 1077 2290 Isidorum
1100 2248 1169 2290 oum

247 2315 353 2397 glossa
375 2314 474 2376 ordin.
510 2315 578 2377 Hoe
595 2335 651 2396 pro
673 2314 835 2389 modestia,
858 2315 921 2374 imo
943 2312 1096 2373 modestia
1112 2312 1170 2373 Eo·

247 2401 336 2461 nana
358 2399 447 2481 dixit,
469 2401 559 2460 nimis
589 2399 716 2480 eupidus
737 2397 912 2459 movendae
933 2395 1076 2457 invidiae.
1119 2397 1170 2456 Di·

247 2485 291 2543 xit
310 2482 433 2560 hodie,
469 2501 531 2544 non
554 2501 623 2544 asse
646 2489 842 2562 contemptos
864 2501 881 2540 a
906 2499 976 2558 me,
1007 2482 1167 2541 etiterum

248 2566 325 2629 dieo.
718 2593 723 2598 ·

329 2626 546 2724 (laudantem
569 2667 669 2708 meam
692 2649 828 2729 glossam
852 2665 913 2709 non
937 2646 1069 2725 aooipit,
1104 2663 1167 2705 non

249 2750 330 2795 euro.
354 2731 470 2801 Probet
491 2737 593 2792 alitem
620 2734 688 2812 ipse
709 2739 742 2792 et
763 2750 865 2791 suam:
900 2748 969 2789 oum
1000 2735 1102 2789 textus
1131 2729 1171 2787 sit

250 2815 346 2875 alarus
372 2813 412 2875 de
434 2814 484 2875 die
507 2815 651 2887 Domini,
675 2821 707 2875 et
726 2816 818 2894 igne,
847 2815 877 2872 in
902 2831 962 2892 quo
984 2809 1169 2872 revelabitur

252 2895 313 2958 dies
327 2899 465 2959 Domini.
488 2898 578 2972 Quod
602 2899 658 2958 etsi
681 2904 786 2977 potest
807 2896 884 2957 trahi
897 2887 935 2956 ad
948 2893 1168 2975 purgatorium,
1211 2929 1213 2932 -

251 2988 281 3040 ut
310 2981 396 3058 dixi,
429 2988 462 3042 et
495 2983 541 3042 sia
572 2982 755 3042 sententiam
780 2980 815 3042 D.
840 2980 875 3040 D.
904 2997 966 3039 uon
995 2975 1168 3056 reprobavi,

251 3065 459 3148 purgatorium
472 3049 591 3124 ioilioet
612 3080 692 3141 ease,
713 3081 776 3124 non
800 3069 901 3124 tamen
923 3069 1027 3141 potest
1045 3059 1104 3119 hau
1124 3060 1168 3120 in-

252 3147 421 3229 telligentia
442 3147 573 3227 oppilari
597 3166 633 3209 os
656 3149 894 3227 eontentiosum.

328 3230 408 3292 item
431 3229 557 3290 utillud
579 3230 723 3291 blattbae.
747 3234 774 3294 b.
805 3229 844 3289 de
866 3245 988 3290 aaroere
1010 3231 1072 3288 n'on
1096 3245 1167 3286 oon·

250 3315 359 3394 tempsi
380 3313 576 3394 proAmbro.
590 3315 753 3391 sententia,
776 3312 859 3391 quod
883 3311 968 3372 addit
978 3311 1014 3374 D.
1023 3311 1060 3373 D.
1074 3309 1169 3371 verba

250 3398 361 3458 christi
382 3396 529 3476 indicare,
552 3396 664 3457 debere
685 3397 765 3456 solvi
788 3395 944 3474 usquead
967 3395 1174 3455 novissimum·

249 3480 471 3560 quadrantem,
498 3478 570 3540 ideo
592 3479 632 3539 de
653 3479 772 3544 'ulemo
794 3478 925 3558 intelligi
953 3497 1015 3537 non
1045 3476 1168 3539 debere.

249 3562 455 3644 Respondeo:
485 3562 554 3623 Hoo
582 3565 657 3623 satis
684 3562 795 3623 eluitur
816 3581 872 3641 per
894 3559 996 3620 divum
1018 3558 1168 3640 Hierony·

248 3667 346 3721 mum,
370 3647 421 3724 qui
443 3645 589 3706 adversus
611 3645 784 3706 Helvidium
807 3645 887 3705 hano
909 3643 1092 3720 dictionem,
1114 3643 1170 3704 du·

249 3749 314 3805 neo,
336 3735 423 3789 reate
445 3729 582 3808 exponit,
604 3737 639 3789 ut
659 3749 722 3790 non
739 3726 1062 3810 eogatursignilioare,
1085 3725 1168 3805 quod

250 3812 434 3874 Ambrosius
457 3830 525 3872 oum
542 3812 579 3874 D.
599 3813 636 3873 D.
646 3812 697 3873 hio
718 3811 817 3892 ponit.
830 3810 911 3871 Nam
928 3818 959 3871 et
974 3811 1019 3870 sio
1030 3809 1135 3870 Matth.
1145 3809 1167 3868 1.

252 3894 392 3957 scribitur
411 3895 451 3955 de
471 3895 614 3975 Josepb:·
638 3895 704 3955 Neo
725 3895 872 3976 oognovit
900 3913 978 3954 eam·
991 3892 1092 3952 donee
1113 3910 1170 3970 pe-

251 3980 330 4058 perit
350 3976 448 4039 lilium
479 3997 584 4057 snum,
617 3985 650 4038 et
676 3985 779 4038 tamen
810 3996 872 4038 non
902 3976 1056 4055 sequitur,
1085 3971 1168 4051 quod

251 4069 322 4142 post
343 4068 466 4143 partum
489 4062 675 4143 cognoverit
695 4079 783 4140 eam,
803 4061 848 4122 ita
866 4060 917 4120 hio
938 4076 1001 4120 non
1021 4055 1168 4133 sequitur,
