3075 4775
464 558 954 629 amurcarum-aem.
1102 556 1171 623 m
1250 539 1261 568 ¹

327 740 361 807 ei
384 742 496 807 diceet
512 742 572 806 ml
591 751 694 807 tameo
716 744 822 825 aliquo
842 763 948 807 verum
963 763 1069 824 remo,
1092 744 1168 807 libe*

246 844 310 887 rum
332 825 493 889 arbitrium
516 846 584 891 eree
612 826 769 889 dominam
785 844 855 889 -ron
877 827 1070 889 excludendo
1099 848 1167 909 gra

246 910 330 987 tiam,
343 910 536 991 respondeo:
551 909 625 975 siva
642 912 683 973 iit
697 930 805 972 scaeua
818 912 885 972 rive
896 930 970 988 uon,
983 911 1170 993 theologum·

246 991 337 1053 decet
358 992 443 1073 loqui
457 993 496 1054 ad
509 985 595 1055 u'eum
616 994 793 1075 theologiae
809 1001 841 1055 et
861 1012 969 1054 sacrae
981 993 1167 1074 Scriptum.

245 1074 285 1137 m
308 1094 379 1137 cum
401 1077 432 1137 in
455 1095 526 1142 uuae
561 1084 699 1157 repertae
721 1076 867 1157 loquendi
898 1076 1019 1157 regulet
1051 1083 1167 1158 cogant

246 1177 358 1219 omnes
372 1158 571 1233 Christianos„
593 1165 721 1223 curtem
746 1158 833 1222 liberi
855 1167 926 1220 eunt
937 1164 1167 1240 contemptores

246 1240 374 1323 regulae
396 1241 539 1305 divinae?
574 1242 699 1321 Fateor,
731 1242 861 1304 liberum
894 1243 1048 1305 arbitrium
1073 1262 1168 1323 posue

247 1325 306 1385 dici
320 1324 488 1403 dominum¹
510 1326 690 1408 principem,
713 1327 1041 1406 episcopum,.regem‚
1063 1326 1169 1387 atalia

246 1427 461 1489 quaecunque,
483 1409 537 1469 eed
552 1408 631 1473 heec
644 1409 782 1489 periculo
803 1411 921 1489 gratiae
935 1409 992 1471 Dei
1016 1416 1048 1469 et
1068 1408 1169 1489 Scrip-

247 1498 337 1552 turae
361 1491 579 1573 intelligendae
601 1492 757 1569 dicuntur,
791 1510 871 1571 quae
899 1493 1053 1552 rervitutie
1074 1511 1168 1555 voca·

246 1574 319 1634 bulo
339 1593 407 1635 noe·
420 1575 530 1656 signat,
553 1576 656 1655 etqui
678 1575 768 1637 aliter
789 1574 917 1637 liberum
941 1575 1098 1637 arbitrium
1122 1576 1169 1635 in-

162 1706 163 1737 p
247 1657 369 1737 telligit,
393 1676 454 1718 nou
476 1658 627 1739 intelligit

330 1739 419 1801 Alter
440 1759 525 1825 error
547 1742 645 1822 magio
667 1741 798 1817 noxius,
819 1747 851 1820 et
872 1741 923 1819 qui
945 1740 1104 1803 evidenter
1125 1743 1169 1803 io·

162 1830 163 1901 t
245 1818 379 1900 dicat¹)‚
401 1821 527 1885 Eccium
551 1842 651 1884 meum
675 1825 802 1901 nescire,
825 1821 896 1903 quid
919 1822 995 1883 fides
1018 1825 1074 1902 sit,
1097 1824 1167 1885 dum
1259 1806 1296 1874 ,⁸

162 1964 164 1973 .
248 1912 343 1987 negat
364 1924 419 1985 per
441 1909 514 1967 eam'
534 1906 631 1968 uolam
654 1906 811 1967 iustificari
829 1905 1005 1975 hominem,
1034 1905 1088 1967 eed
1111 1925 1170 1969 uec

247 1987 321 2068 quid
345 1990 386 2049 eit
406 1988 562 2050 iustificari
583 1988 737 2071 intelligit.

331 2105 473 2167 Dicimus
497 2126 571 2187 ergo
593 2125 663 2167 cum
684 2106 781 2167 Paulo
802 2106 891 2168 Rom.
917 2114 949 2169 1:
970 2106 1089 2168 Iustitia
1109 2106 1166 2166 Dei

163 2257 169 2271 ⁸
248 2187 405 2250 revelatur
424 2190 455 2249 in
478 2188 532 2251 illo
556 2210 594 2249 ex
623 2189 683 2250 tide
705 2192 735 2249 iu
768 2188 877 2257 iidem,
915 2190 993 2251 eicut
1025 2190 1169 2269 scriptum
1236 2218 1240 2223 ·
1352 2238 1357 2249 ,

247 2280 313 2337 eat:
335 2274 432 2332 iustus
455 2292 494 2331 ex
516 2272 576 2333 fide
598 2273 691 2333 vivet.
734 2263 964 2352 AuApoetolue
977 2272 1016 2333 ab
1029 2271 1171 2332 Recianis

248 2354 409 2417 docendus
431 2354 495 2432 fuit,
518 2362 551 2416 ut
572 2356 709 2437 glossam
730 2355 816 2417 illam
839 2354 1007 2416 mirabilem
1031 2354 1170 2432 adderet,

249 2438 303 2499 sed
325 2458 390 2499 non
413 2459 453 2498 ex
476 2438 543 2500 sola
565 2438 648 2500 tide?
680 2439 755 2500 ltem
781 2439 869 2501 Rom.
893 2444 947 2504 to:
980 2437 1083 2499 Corde
1106 2459 1170 2499 cre-

162 2533 163 2582 i
249 2521 331 2581 ditur
353 2519 392 2584 ad
413 2521 574 2597 iustitiam3
607 2521 699 2599 vide,
735 2529 768 2582 ut
804 2523 855 2582 hic
881 2523 937 2582 eoli
961 2521 1031 2582 fidet
1060 2521 1172 2582 tribuat

162 2659 163 2666 ,
249 2605 408 2682 iustitiam,
431 2605 520 2680 adeo,
543 2612 577 2665 ut
597 2603 697 2666 solum
719 2606 933 2679 cornemiuet,
956 2605 1171 2664 ceteriomem-

162 2701 163 2714 ¹
250 2687 322 2762 bris,
346 2705 426 2765 quae
449 2694 622 2768 operentur,
645 2689 762 2764 tacitis,
786 2708 855 2766 ore,
879 2689 991 2767 iuquit,
1013 2686 1169 2747 confessio
1200 2698 1202 2703 '

251 2769 283 2828 iit
304 2768 346 2830 ad
368 2770 514 2852 salutem,
555 2770 617 2864 sed¹
642 2770 693 2832 ubi
725 2771 788 2832 iem
819 2769 1000 2856 iustificatue
1034 2776 1082 2829 eat
1117 2789 1171 2848 per

162 2907 163 2926 ἶ
251 2851 354 2914 fflem.

334 2969 442 3031 Dicam
465 2988 554 3051 ergo,
587 2976 620 3030 ut
642 2987 740 3050 uugae
760 2969 836 3030 istae
859 2968 991 3031 insulsae
1014 2967 1178 3047 Sophiste·⁴

250 3073 314 3114 rum
340 3059 542 3132 praeteream,
564 3051 649 3124 nulla
669 3071 768 3142 opera
787 3051 961 3117 laetificant,
982 3070 1036 3111 eeu
1059 3055 1170 3110 iustum

251 3137 383 3211 iaciunt,
405 3135 460 3196 aed
474 3135 542 3198 sola
553 3133 640 3200 fides.
662 3133 847 3215 laetificatus
860 3143 963 3195 autem
980 3134 1171 3212 tacitopera.

253 3217 303 3283 Sic
326 3220 408 3280 enim
431 3217 524 3280 habet
546 3237 654 3278 sensus
677 3217 862 3297 scripturae,
885 3224 917 3278 ut
937 3215 1112 3279 luctificatio
1134 3217 1175 3278 eit

252 3304 335 3383 prior
358 3300 518 3381 operibus,
553 3308 584 3362 et
612 3320 707 3382 opera
736 3300 811 3363 iient
841 3297 1060 3362 aiustiiicatie.
1101 3297 1172 3360 Nou

253 3387 352 3460 euim,
372 3391 408 3444 ut
429 3390 509 3446 errat
529 3383 727 3461 Aristoteles,
749 3386 829 3445 iusta
853 3382 994 3458 iaciendo
1016 3383 1086 3442 iueti
1110 3380 1173 3443 effi·

253 3467 362 3539 cimur,
398 3465 453 3528 sed
482 3467 554 3526 iusti
575 3465 647 3528 iacti
676 3486 839 3548 operamur
867 3468 956 3526 iusta.
999 3464 1085 3526 Sicut
1110 3484 1173 3530 non

252 3549 284 3612 tt
306 3551 472 3632 episcopua
494 3569 590 3628 opera
601 3551 740 3630 episcopi
751 3549 910 3629 faciendo,
932 3547 986 3608 sed
1002 3549 1174 3628 ⁴episcopua

254 3633 351 3694 iactus
383 3633 456 3693 iacit
488 3651 584 3712 opera
599 3633 766 3712 ‘episcopi
810 3632 860 3694 Sic
889 3650 951 3693 non
983 3650 1079 3712 opera
1100 3629 1172 3690 fidei

253 3713 498 3790 statunculam,
520 3714 575 3776 sed
598 3713 673 3781 fides
696 3715 771 3776 iacit
793 3734 889 3795 opera
909 3712 991 3774 fidei.
1036 3713 1088 3774 Sic
1106 3732 1171 3774 non

255 3819 349 3882 opera
371 3798 489 3878 gratioe
510 3798 782 3879 faciuntgratiem,
797 3797 852 3858 aed
865 3798 964 3878 gratie
977 3797 1050 3859 iacit
1073 3815 1171 3876 opera

254 3883 380 3963 gratiae.
424 3879 500 3942 Inde
523 3889 586 3956 eet,
619 3879 704 3960 quod
726 3880 810 3942 Deus
831 3881 956 3960 respicit
977 3881 1107 3963 primum
1133 3874 1174 3940 ad

257 4000 674 4052 --ῑ-·-.·-,“”“-

290 4073 322 4138 1)
344 4071 375 4124 ln
395 4069 456 4126 edd.
478 4072 561 4142 origo
581 4067 693 4124 indicet.

162 4129 164 4210 ἰ
261 4231 265 4238 .
