3075 4775
337 539 379 606 78
529 540 687 612 Disputatio
706 544 815 628 Lipsiae
835 543 930 620 habita
949 560 971 597 a.
993 545 1057 600 XiX
1090 580 1094 591 .

337 735 443 815 quales
456 733 622 814 aliquando
638 731 758 811 inerint,
781 731 855 792 nihii
867 750 938 792 mea
947 733 1049 812 refert,
1066 734 1256 794 Deusoenim

335 837 498 898 personam
522 816 655 878 hominis
684 835 745 875 non
770 816 898 894 ancipit,
925 815 967 875 ibi
990 817 1101 878 Panius
1129 819 1255 878 eviden-

306 937 309 941 ·
335 903 452 961 tissime
473 901 566 977 dieii,
589 899 670 958 Petri
692 899 932 978 magnitudinem
957 908 987 959 et
1009 902 1186 978 qualitatem
1209 903 1257 962 ni-

334 985 376 1045 hil
393 985 516 1062 referre,
538 1001 598 1046 nee
620 1000 687 1041 eam
710 983 808 1061 accipi
830 1001 849 1045 a
870 982 945 1042 Deo.
970 981 1003 1042 ai
1024 992 1127 1044 autem
1145 995 1193 1044 est
1214 985 1256 1046 de

333 1069 401 1128 iure
429 1067 548 1144 divino,
577 1066 779 1126 certissimum
801 1072 864 1141 est,
892 1065 1018 1125 Panium
1045 1067 1096 1127 hie
1122 1070 1255 1144 menori,

277 1189 282 1202 ,
334 1169 405 1212 nam
427 1150 509 1230 quod
530 1152 576 1210 ius
599 1149 734 1209 divinum
749 1155 805 1225 est,
827 1148 953 1208 omniuo
969 1150 1116 1232 accipitur
1137 1172 1156 1211 a
1174 1152 1254 1229 Deo,

248 1287 256 1302 ,
334 1241 365 1294 et
386 1235 513 1294 muitum
535 1233 636 1294 refert.
670 1231 807 1309 ideoque
842 1233 901 1291 ista
922 1233 1070 1293 autoritas
1092 1235 1177 1293 Pauii
1199 1253 1253 1295 oo-

334 1318 387 1398 git
401 1318 584 1397 primitatem
608 1315 696 1376 unius
718 1313 853 1374 hominis
875 1316 1012 1394 episcopi
1035 1335 1097 1376 non
1120 1337 1189 1377 esse
1210 1317 1252 1377 de

333 1401 398 1460 iure
422 1401 543 1476 divino,
566 1406 597 1459 et
617 1397 687 1458 ideo
710 1397 929 1475 revocandum,
952 1398 1254 1476 quorundum

334 1483 373 1543 de
394 1485 460 1544 iure
478 1483 594 1558 divino,
617 1499 684 1540 eum
699 1487 884 1559 apparenter
900 1482 1091 1542 oontmdioat
1108 1483 1254 1563 apostolo

334 1566 394 1626 hio.
418 1567 468 1627 Sia
492 1567 576 1638 dieo,
601 1563 762 1643 quodnisi
791 1564 827 1623 D.
851 1564 889 1625 D.
912 1567 1054 1645 egregius
1076 1578 1161 1626 suam
1185 1586 1253 1627 sen·

334 1650 459 1708 tentiam
484 1649 626 1724 mutarit,
649 1655 793 1726 tanquam
817 1646 1046 1708 evidentissime
1066 1652 1251 1718 eontrariam
1312 1683 1317 1690 ·

296 1767 304 1772 -
333 1731 440 1811 Paulo,
463 1751 523 1791 non
548 1733 604 1790 sim
628 1749 696 1790 eum
719 1730 874 1790 habiturus
895 1748 952 1808 pro
975 1732 1137 1792 catholieo.
1167 1733 1256 1793 Haeo

333 1815 407 1874 satis
430 1817 490 1874 sint
512 1815 550 1874 de
572 1833 641 1873 mea
663 1815 867 1892 responsione
890 1812 931 1884 ad
953 1814 1075 1874 obieeta
1094 1815 1175 1876 D.D.
1196 1815 1252 1875 Jo-

331 1897 441 1957 hannis
464 1897 548 1958 Eooii
582 1915 672 1977 super
700 1897 916 1975 Propositione
942 1899 1032 1957 tertia
1061 1898 1180 1958 deoima
1212 1899 1254 1960 de

333 1989 487 2060 potestate
510 1989 541 2041 et
552 1983 679 2061 primatu
704 1980 813 2038 summi
828 1979 994 2058 Pontificio,
1009 2000 1088 2060 quiae
1108 1982 1251 2062 relinquo

333 2065 449 2125 iudicio
469 2064 601 2125 iudionm
626 2071 657 2124 et
673 2064 809 2123 omnium
832 2063 993 2123 leotorum.

713 2242 864 2304 Eooius.

415 2398 490 2461 (ium
514 2394 700 2459 reverendus
721 2394 811 2455 Pater
832 2395 906 2455 mihi
926 2397 1129 2477 improperet,
1166 2398 1251 2476 quod

330 2481 438 2543 iudiois
461 2480 674 2562 oooupaverim
688 2477 840 2557 officium,
863 2479 938 2539 nihil
960 2479 1095 2556 adrem,
1117 2499 1182 2540 sum
1206 2481 1250 2542 di-

331 2572 478 2646 sputator.
501 2564 608 2645 Neque
630 2564 815 2623 haereticum
835 2561 909 2637 dixi,
932 2562 986 2623 sed
1008 2563 1091 2624 diota
1111 2564 1251 2625 snahae·

330 2650 433 2709 retieis
466 2655 497 2709 et
526 2648 658 2707 maxime
683 2646 824 2705 Bohemis
856 2646 960 2705 favere
988 2653 1019 2706 et
1053 2649 1250 2727 patrocinari,

331 2732 523 2813 potissimum
549 2728 624 2789 'enm
657 2728 731 2789 iilud
766 2728 951 2790 horrendum
980 2729 1082 2790 dioere
1110 2730 1248 2809 auderet,

330 2814 449 2894 aliquos
479 2815 622 2874 articulos
650 2812 800 2873 iohannis
820 2811 900 2871 Huss
932 2831 988 2893 per
1016 2814 1179 2873 eonsilium
1199 2808 1268 2891 ‘sa-⁴

242 2944 251 2953 .
331 2916 413 2961 orum
436 2898 672 2977 Constantiense
700 2894 898 2974 reprobatos,
937 2915 1005 2956 esse
1036 2896 1250 2958 christianissi-

331 3000 397 3045 mos
420 2989 450 3042 et
471 2979 679 3061 evangelicos.
712 2976 761 3038 Ad
788 2998 853 3037 rem
881 2980 984 3058 potius
1013 2979 1248 3043 descendamus.

329 3066 414 3126 Duos
436 3064 501 3125 heri
523 3063 649 3143 protulit
677 3060 851 3123 huiusmodi
879 3063 1047 3141 articulos,
1079 3062 1173 3123 hodie
1195 3064 1250 3123 aii-

330 3167 407 3227 quos
429 3147 555 3224 addidit,
577 3147 617 3207 de
639 3144 749 3225 quibus
769 3144 854 3208 infre.

341 3252 344 3259 ’
413 3230 503 3304 Quod
526 3250 599 3291 vero
621 3228 810 3289 adGraeeus
833 3230 950 3307 attinet,
972 3229 1079 3288 mirum
1103 3245 1163 3308 quo
1185 3235 1246 3289 stin

329 3314 380 3375 dio
402 3314 587 3375 reverendus
610 3312 776 3372 Patareus
799 3311 953 3387 defendit,
977 3329 1055 3390 qnos
1077 3313 1171 3373 inisse
1193 3312 1248 3374 bo·

329 3416 386 3458 uos
419 3397 529 3457 asserit
556 3388 646 3457 etiam
675 3397 706 3455 in
741 3395 863 3460 axeidio
890 3395 1247 3475 Constantinopolitano,

302 3482 381 3558 ·qui
403 3479 514 3541 deinde
535 3482 565 3543 in
588 3480 706 3540 italiam
729 3480 884 3553 venerint,
908 3485 1052 3558 oportere
1074 3498 1123 3539 me
1144 3486 1248 3539 osten-

329 3564 402 3624 dere
423 3571 455 3624 et
476 3565 635 3624 nominare
658 3564 708 3641 qui
730 3563 842 3623 fuerint
863 3562 974 3622 Graeei
1008 3562 1194 3622 schismatioi
1215 3570 1248 3623 et

328 3648 481 3709 haeretiei.
504 3648 607 3725 Miror,
629 3645 711 3725 quod
733 3644 918 3705 reverendus
941 3645 1031 3704 Pater
1050 3646 1081 3703 in
1106 3664 1162 3705 sna
1183 3647 1247 3725 epi·

328 3730 409 3790 stoia
431 3731 536 3791 obiicit
556 3732 628 3791 mihi
650 3730 846 3791 historiarum
867 3729 1089 3808 ignorantiam,
1117 3736 1149 3787 et
1178 3732 1248 3807 ipse

328 3812 388 3874 hoe
409 3814 480 3874 loeo
495 3813 572 3873 noiit
580 3815 667 3890 seire,
690 3812 775 3890 quod
788 3818 854 3871 tota
871 3813 960 3872 novit
971 3811 1111 3870 eeeiesia.
1128 3811 1251 3872 Nonne·

328 3897 538 3957 schismaticus
575 3897 631 3957 fuit
667 3896 843 3973 Nestorius,
881 3912 944 3955 non
967 3890 999 3971 ¹)
1036 3891 1247 3975 Macedoniae,

328 4010 746 4036 ..p-...fi-...u-m—

336 4039 346 4147 ⁸¹
384 4068 414 4138 i)
435 4068 465 4120 In
484 4068 526 4121 ed.
545 4068 604 4123 ian.
623 4073 651 4122 et
671 4066 747 4137 apud
764 4064 876 4119 Loeseh.
896 4063 988 4118 deest:
1023 4078 1090 4119 nou.
