3075 4775
344 542 410 611 238
591 544 682 599 Resol.
703 543 730 597 11·
750 558 837 613 super
853 512 1041 635 Propositioa.

349 732 384 796 G.
406 732 506 811 primo
520 730 563 809 ¹),
584 727 793 810 prohibuisset
804 732 894 793 Rom.
915 730 1096 793 Pontificem
1118 730 1270 811 appellari

349 815 553 875 universalem
587 811 780 892 pontificem,
823 814 929 875 disens
957 816 990 874 iu
1015 814 1098 877 hune
1126 814 1269 874 modum:

349 898 537 961 Uuiverssiis
566 906 669 957 autem
699 898 841 976 pontiiex
862 917 934 964 ,use
953 899 1112 960 Romsnue
1132 897 1271 977 appelle

348 989 418 1059 tur,
441 982 491 1041 hie
511 980 568 1041 sibi
591 981 776 1059 temperavit
796 980 919 1060 quidem
941 1001 962 1041 a
982 981 1184 1063 blasphemia,
1205 998 1271 1041 non

347 1064 470 1147 diosus,
500 1062 583 1143 quod
605 1073 713 1123 eontra
738 1065 786 1122 ius
810 1065 947 1125 divinum
974 1065 1059 1125 aliud
1086 1066 1271 1145 permissum

272 1180 276 1209 t
346 1157 400 1208 aut
421 1156 567 1207 statutum
589 1147 638 1224 sit,
660 1145 874 1226 sedglosssm
896 1154 981 1209 eerte
1010 1157 1096 1209 muto
1119 1147 1271 1227 theologo

347 1230 472 1312 dignam
493 1229 627 1306 effinxit,
655 1244 747 1307 quam
769 1242 832 1291 nou
854 1250 1019 1310 ponerem,
1039 1232 1097 1291 uisi
1120 1250 1190 1290 eam
1213 1231 1272 1291 sei·

190 1339 193 1347 ·
228 1380 264 1419 t,
346 1330 410 1375 retu
437 1314 555 1394 gloriae
581 1312 759 1373 avidissimo
794 1314 977 1393 disputatori
1004 1315 1198 1391 satisfacere,
1238 1322 1273 1373 et

346 1398 475 1477 gloriam
497 1396 671 1457 absolutam
692 1397 720 1455 ei
743 1416 860 1476 parere.
882 1398 1078 1493 pixiteuim:
1101 1396 1271 1457 EtsiRom.

346 1481 489 1560 pontifex
510 1499 572 1539 nou
603 1480 643 1539 sit
674 1479 878 1557 appellendus
906 1480 1088 1541 universalis
1118 1480 1272 1559 pontifex,

345 1573 450 1625 tamen
478 1562 627 1642 appellari
654 1560 746 1621 debet
779 1563 960 1625 universalis
986 1564 1139 1625 eeeieeiee
1161 1565 1272 1641 ponti·

345 1647 406 1709 fex.
429 1647 549 1724 Risum,
571 1663 705 1723 quaeso,
728 1652 846 1726 teneas,
868 1648 982 1723 amieo,
1004 1649 1071 1707 sine
1094 1663 1184 1705 suum
1205 1646 1267 1705 ier-

347 1740 481 1795 mentum
503 1729 620 1805 ridere,
648 1746 739 1787 nemo
768 1731 849 1789 enirn
872 1729 994 1809 dignius
1020 1729 1120 1790 rideat
1140 1728 1180 1789 ad
1203 1737 1268 1788 tam

343 1814 496 1893 insignem
519 1812 666 1892 glossam.
687 1810 754 1891 Ego
766 1812 883 1891 glorior
895 1832 944 1873 me
965 1821 1012 1873 tot
1030 1813 1176 1892 expensis
1201 1831 1269 1872 nou

343 1894 454 1957 frustra
474 1895 596 1975 Lipsiae
618 1902 779 1972 moratum,
800 1895 909 1956 saltem
930 1895 992 1956 hoo
1012 1895 1172 1956 didicisse:
1195 1894 1269 1955 Nou

345 1986 393 2040 est
414 1978 609 2057 universalis,
627 1987 674 2037 est
696 1987 798 2038 tamen
825 1980 1007 2039 universalis
1029 1978 1180 2039 eeclesiae
1203 1979 1269 2057 epi-

348 2082 471 2142 seopus,
493 2081 556 2123 non
579 2068 626 2121 est
648 2061 727 2120 forte
749 2063 841 2121 etiam
863 2061 1071 2142 Moguntinus,
1092 2070 1268 2122 esttamen

345 2146 545 2226 Moguntinae
567 2143 717 2204 eoelesiae
738 2145 928 2224 episeopus.¹

427 2228 513 2289 Hsee
534 2226 572 2287 ad
597 2245 666 2287 mee
687 2226 749 2287 duo
772 2228 904 2288 eoneiiia
930 2228 986 2288 ille
1006 2229 1171 2307 opposuit,
1193 2247 1268 2288 nam

345 2311 495 2372 Nieenum
520 2310 741 2396 perverbum,
764 2312 911 2392 permisit,
935 2311 1110 2371 Afrioanum
1133 2330 1189 2392 per
1211 2328 1267 2372 no-

345 2415 433 2476 men,
466 2392 638 2473 ecelesiae,
667 2393 769 2455 solvit.
814 2395 902 2456 Adeo
924 2395 1015 2456 fenile
1037 2403 1086 2455 est
1112 2395 1268 2475 Magistris

343 2482 457 2540 uostris
479 2479 600 2540 eximiis
612 2496 741 2558 magnas
753 2481 953 2557 quaestiones
975 2479 1108 2556 solvere,
1128 2485 1161 2538 et
1170 2480 1266 2538 etiam

343 2563 545 2623 eeneiiiorum
566 2563 722 2622 autoritati
745 2561 925 2640 detrahere,
947 2581 1009 2642 qua
1030 2570 1133 2622 tamen
1156 2563 1267 2622 mirum

343 2653 400 2724 est,
414 2665 505 2726 quam
514 2645 637 2706 soleant
649 2645 727 2704 aiios
742 2651 866 2706 strenue
887 2644 927 2706 ad
952 2646 1104 2705 haeresim
1125 2644 1266 2724 adigere.

424 2730 513 2789 Nune
534 2729 625 2807 vide,
653 2747 692 2787 au
717 2747 777 2807 ego
799 2729 907 2790 meiius
929 2728 978 2788 vel
1000 2731 1088 2808 peius
1111 2727 1152 2790 ad
1174 2747 1265 2788 suum

340 2815 462 2874 unieum
483 2812 711 2892 responderim,
741 2820 858 2872 eertum
879 2819 942 2890 sat,
974 2831 1038 2872 nou
1060 2830 1169 2872 omnes
1192 2814 1264 2872 arti·

341 2897 434 2957 euios‘
451 2897 651 2956 Constantiae
684 2893 849 2955 damnatos
870 2914 941 2956 esse
962 2896 1152 2972 haeretioos,
1185 2897 1266 2956 siout

260 3013 265 3020 ·
341 2981 503 3042 temerarie
537 2987 568 3038 et
604 2978 802 3058 impudenter
828 2979 961 3039 istrabat
992 2979 1115 3040 Eieeius.
1169 2978 1266 3053 Quod

340 3064 438 3149 probo
460 3061 628 3141 evidenter,
650 3062 781 3141 priunum
805 3081 845 3122 ex
876 3063 977 3142 ipsius
1000 3062 1126 3122 eeneiiii
1152 3062 1266 3138 uerbis,

341 3165 420 3226 quae
442 3148 486 3206 sie
507 3147 640 3209 habeut:
672 3144 805 3219 Quidam
826 3165 866 3204 ex
889 3146 933 3205 eis
955 3153 1029 3205 suut
1047 3146 1168 3213 notorie
1189 3145 1265 3206 hue·

340 3233 437 3309 retiei,
458 3229 581 3309 quidam
604 3230 735 3306 erronei,
757 3228 810 3288 alii
831 3228 1013 3308 blsaphemi,
1034 3228 1086 3303 eiii
1108 3231 1262 3289 temerarii

341 3322 374 3374 et
393 3315 546 3391 seditiosi,
568 3314 619 3374 elii
640 3314 757 3392 piarum
780 3313 898 3372 aurium
917 3311 1069 3372 offensivi.
1102 3311 1188 3370 Haeo
1208 3312 1263 3374 ibi.

341 3397 453 3458 Nonne
474 3398 589 3458 elerum
612 3405 673 3474 est,
706 3395 785 3456 haee
805 3395 899 3457 verba
927 3415 997 3456 esse
1018 3414 1150 3472 eorum,
1182 3414 1264 3474 quos
1286 3399 1295 3411 “

245 3549 249 3563 Ι
308 3517 313 3532 =
340 3481 515 3541 haeretisae
530 3481 560 3557 ²)
587 3481 746 3560 pravitatis
768 3481 966 3559 inquisitores
988 3497 1155 3555 voesmus,
1184 3497 1263 3557 quos

341 3566 372 3624 in
386 3584 424 3625 eo
447 3553 580 3625 eoneriio
603 3572 733 3645 apparet
754 3564 948 3644 tyrannidem
961 3563 1161 3624 ‚obdnuisse‘i
1183 3563 1263 3622 Nom

341 3649 450 3714 horum
471 3668 570 3729 paene
593 3651 654 3709 siis
676 3667 739 3708 nou
761 3655 810 3707 est
839 3667 921 3727 vox,
955 3665 1045 3725 quarn
1065 3647 1166 3706 hasa:
1199 3647 1264 3706 Ista
1287 3706 1298 3723 ,

340 3734 512 3813 propositio
535 3740 583 3792 est
604 3733 775 3810 haeretios,
797 3733 858 3791 iste
878 3730 1081 3806 seandaiosa,
1103 3731 1164 3788 ista
1183 3728 1263 3789 sedi·
1294 3746 1299 3758 ¹

340 3819 430 3897 tioss,
452 3819 512 3878 iata
525 3816 692 3894 offerrive,
712 3816 762 3876 vei
784 3822 868 3874 eerts
889 3814 1034 3894 Spiritum
1056 3820 1197 3873 ssuaum
1220 3815 1264 3873 ni·

341 3903 402 3963 mio
425 3909 618 3983 praesentem
647 3900 707 3959 iliis
735 3897 909 3958 ludentibus
942 3907 997 3961 aut
1024 3897 1263 3958 dormitantibus

341 3988 495 4068 vigilasse,
517 3986 660 4045 uteoaeti
679 3986 739 4044 sint
761 3983 888 4042 ormino
910 3980 1119 4060 imprudentes
1136 3981 1263 4060 propris

343 4071 458 4153 “iiis
478 4087 520 4140 su.
539 4087 611 4140 rea:
630 4086 748 4138 rrimus.
767 4084 800 4143 2,
822 4086 851 4135 ru
870 4083 934 4137 suu.
954 4086 1041 4152 sarge
1064 4084 1205 4136 immas.

545 4153 573 4228 Q
585 4195 587 4204 χ

556 4231 571 4262 0
