3075 4775
333 519 399 586 432
579 521 624 574 tit
645 518 752 576 Contio
772 519 806 574 de
825 522 1001 576 eonioeeinne

334 727 396 770 nou
427 708 527 770 solum
556 709 618 770 hoo
645 731 664 770 e
692 701 787 772 uobis
805 709 955 791 exigitur,
987 713 1206 793 uttenssmus
1230 717 1260 770 et

334 791 543 872 intelligamus
565 812 613 870 eu,
636 812 741 854 verum
766 795 860 856 etium
883 801 916 854 ut
937 799 1044 854 nostre
1065 791 1143 852 fides
1165 794 1199 852 in
1222 794 1259 852 iis

334 875 474 952 haereat,
496 881 530 936 nt
555 875 603 935 his
632 874 753 950 verbis,
782 895 840 936 osu
869 875 989 936 insistis
1008 875 1119 954 ermis,
1149 883 1260 936 eoum

335 959 473 1018 omnium
493 957 624 1019 insultus
648 977 706 1020 nos
726 958 903 1035 defendere,
925 967 957 1018 st
968 957 1121 1038 repellere
1134 970 1260 1020 nostros

334 1039 529 1102 sdvemsrios
550 1041 715 1122 possimus.

418 1124 494 1184 Cum
530 1142 605 1205 ergo
639 1133 864 1186 sserementum
896 1125 957 1186 hoo
989 1124 1076 1186 voles
1106 1126 1260 1204 sosipere,

336 1208 499 1288 potissime
516 1208 679 1270 verborum
693 1209 751 1268 erit
766 1226 850 1286 oum,
873 1206 1028 1287 inquibus
1049 1209 1167 1268 senties
1188 1227 1259 1268 eum

336 1290 514 1352 messurum
537 1309 607 1351 esse
628 1292 815 1371 repositum,
844 1309 906 1370 quo
928 1290 997 1352 solo
1020 1291 1075 1350 niti
1098 1299 1163 1351 tuto
1187 1309 1259 1371 pos·

335 1374 441 1434 mmns.
473 1374 524 1434 Ad
546 1380 577 1434 ts
597 1375 680 1435 enim
702 1376 772 1436 sine
793 1373 886 1434 dubio
909 1373 962 1434 iile
983 1372 1078 1436 verbe
1100 1373 1259 1434 dicuntur:

334 1457 436 1520 Meum
458 1475 571 1538 eorpus
592 1476 649 1536 pro
672 1458 762 1518 vobis
787 1456 923 1535 traditur,
946 1476 1032 1518 meus
1055 1457 1180 1537 sanguis
1202 1477 1259 1536 pro

335 1540 423 1602 vobis
444 1539 617 1602 effunditur.
651 1539 683 1599 in
706 1559 798 1620 quem
822 1541 934 1601 nsunt?
964 1559 1035 1600 num
1058 1541 1087 1600 in
1110 1540 1171 1600 hoo
1193 1548 1258 1600 tun·

335 1632 415 1701 tum,
444 1629 478 1684 ut
504 1624 579 1684 edes
601 1630 633 1684 et
654 1623 762 1694 bibes?
794 1643 876 1700 non,
903 1625 966 1684 imo
988 1625 1020 1687 in
1042 1625 1259 1684 tentationem

335 1713 535 1786 peooetorum
557 1714 689 1769 tuorum.
718 1708 787 1768 Hoe
807 1706 882 1768 iilud
905 1713 962 1784 est,
984 1705 1068 1786 quod
1090 1706 1128 1766 sd
1153 1713 1183 1766 te
1206 1727 1259 1787 po·

335 1789 484 1850 tissimum
500 1791 642 1870 pertinet,
665 1793 713 1850 oni
729 1792 835 1852 omniu
856 1789 984 1869 relique,
1007 1808 1088 1869 quse
1110 1789 1161 1850 hio
1183 1789 1262 1850 fiunt

335 1879 367 1934 et
380 1873 529 1951 diountur,
551 1874 697 1948 serviunt,
720 1881 753 1933 nt
770 1875 823 1934 tibi
846 1873 964 1934 soilieet
986 1874 1091 1932 omnis
1114 1881 1165 1932 tue
1188 1891 1260 1952 pee-

335 1963 406 2018 ostu
425 1957 625 2018 remittantur.
982 2031 985 2036 Ι
1008 2003 1010 2008 -

417 2040 530 2114 Porro,
561 2041 587 2100 si
615 2040 732 2100 inoiunt
752 2039 830 2100 huso
851 2039 889 2098 sd
914 2039 1126 2100 remissionem
1151 2057 1261 2118 penos·

224 2114 227 2119 ⁴
335 2132 451 2200 torum,
479 2141 554 2203 ergo
577 2123 668 2184 etism
691 2122 731 2182 sd
753 2131 881 2182 mortem
903 2121 1108 2201 superandum
1133 2121 1260 2182 fueiunt.

335 2205 445 2284 Neque
472 2207 555 2266 enim
578 2206 668 2266 morti
689 2206 814 2266 reiiotus
838 2204 923 2266 loeus
945 2212 1002 2282 est,
1026 2204 1074 2266 nbi
1098 2212 1262 2284 peceatum

337 2296 385 2348 est
401 2288 571 2363 subletum,
594 2296 723 2367 peoouto
746 2288 869 2350 sublato
894 2287 1122 2350 omne‘melum
1147 2295 1259 2360 esseut,

334 2377 427 2451 etque
442 2378 541 2433 esest
555 2371 723 2435 beatitudo.
755 2371 814 2433 Hio
831 2371 990 2433 thesaurus
1012 2370 1065 2433 ille
1088 2377 1144 2450 est,
1168 2390 1260 2451 quem

334 2474 392 2517 nos
407 2457 440 2517 in
457 2455 519 2517 hoo
539 2463 733 2517 ssorsmento
756 2455 979 2535 prsedioemus,
1002 2457 1032 2515 in
1055 2455 1136 2515 huno
1158 2454 1261 2537 defige

334 2539 443 2601 oeulos
472 2547 558 2615 tuos,
587 2546 618 2601 et
645 2558 744 2619 noges
764 2538 834 2599 illus
856 2538 1117 2599 Soholsstr'eorum
1142 2540 1262 2613 omitte,

334 2623 388 2701 qui
416 2622 544 2685 muitum
571 2631 642 2683 sunt
668 2621 809 2699 soilioiti,
838 2622 995 2701 quomodo
1025 2622 1123 2702 possit
1150 2620 1262 2682 adesse

335 2724 447 2786 eorpus
476 2706 604 2784 Christi,
638 2706 818 2785 preesertim
850 2708 880 2765 in
911 2712 972 2765 tem
1001 2724 1100 2783 parvo
1128 2723 1263 2785 eorpore

335 2789 435 2868 punis.
480 2789 528 2851 Ad
549 2789 699 2851 mireouls
720 2789 774 2849 iliu
796 2808 836 2850 ne
858 2789 1015 2867 respieies,
1038 2787 1093 2849 sed
1116 2787 1263 2867 simpliei-

335 2880 382 2933 ter
409 2872 538 2933 heerees
561 2873 593 2933 in
615 2870 726 2950 verbo,
754 2878 848 2951 utque
870 2892 909 2932 ee
931 2879 983 2933 tue
1005 2872 1095 2931 unies
1116 2872 1156 2931 sit
1178 2890 1262 2943 nuru,

335 2955 491 3034 quomodo
520 2956 602 3015 huno
628 2956 758 3015 fructum
786 2975 825 3014 ex
855 2956 915 3015 hoo
946 2962 1140 3015 ssorsmeuto
1163 2973 1262 3033 queas

336 3056 458 3119 mpero,
480 3058 592 3117 nempe
609 3039 822 3099 remissionem
846 3045 1053 3119 psooetorum.

418 3122 470 3183 uio
484 3122 576 3201 igitur
592 3122 728 3183 animum
746 3129 830 3183 tuum
853 3123 1004 3199 institues,
1027 3131 1059 3180 ut
1079 3120 1118 3181 ed
1143 3128 1172 3179 te
1195 3140 1263 3199 per-

337 3206 435 3265 tinere
456 3205 535 3265 huso
556 3205 650 3267 verbs
671 3206 797 3267 senties.
840 3205 908 3265 Hoo
936 3210 1038 3265 sutem
1068 3204 1110 3263 ite
1138 3201 1218 3280 fiet,
1237 3204 1263 3265 si

335 3289 456 3353 sentim
469 3290 587 3367 pueooti
611 3306 729 3349 morsus
753 3296 784 3347 et
807 3298 949 3365 terrores,
971 3289 997 3349 si
1020 3286 1144 3349 tenteris
1167 3294 1263 3347 autu

336 3389 447 3447 earne,
474 3381 528 3435 unt
549 3393 568 3433 s
591 3371 721 3446 mundo,
750 3380 804 3431 eut
824 3392 844 3433 u
865 3370 997 3447 Sstune,
1025 3370 1050 3431 si
1073 3370 1134 3447 ire,
1165 3370 1264 3449 impe-

336 3453 459 3531 tientiu,
493 3456 638 3531 esuritis,
670 3462 724 3517 sut
751 3475 826 3515 ours
859 3457 973 3534 uentris
1008 3452 1205 3531 sollieiteris,
1238 3454 1264 3515 si

337 3538 428 3597 soriis
450 3540 623 3601 exerosuris
646 3539 751 3614 mulis,
782 3547 835 3599 eut
865 3556 1084 3617 nonnunquam
1115 3537 1210 3597 etium
1232 3536 1263 3597 in

336 3619 429 3681 foedo
460 3622 589 3683 erimine
618 3621 781 3701 prolapsus
816 3623 873 3699 sis,
908 3640 987 3700 quse
1017 3618 1097 3681 male
1125 3618 1266 3682 afficiam

336 3705 481 3766 unimum.
525 3705 557 3765 Si
578 3706 656 3765 heeo
678 3712 770 3783 etque
790 3704 838 3765 his
861 3704 982 3783 similia,
1006 3706 1141 3782 inquam,
1166 3703 1262 3782 petio

335 3787 393 3866 ris,
426 3794 488 3847 tum
511 3789 642 3866 senties,
670 3806 761 3866 quem
784 3790 825 3847 sis
849 3787 941 3848 miser
960 3787 1069 3863 home,
1100 3784 1264 3847 terreberis

336 3877 505 3949 oonspeotu
533 3871 654 3948 mortis,
683 3871 832 3950 frangeris
863 3872 982 3949 animo,
1014 3887 1115 3948 neque
1146 3871 1263 3949 poteris

337 3971 407 4015 osse
427 3955 559 4031 quiens.
1214 4004 1219 4015 ,

420 4038 467 4097 Ao
484 4044 546 4100 tum
563 4035 685 4116 quidem
710 4043 919 4117 opportunum
942 4037 1012 4116 erit,
1035 4041 1068 4097 ut
1089 4033 1267 4099 eonfitsuris
