3075 4775
334 527 398 597 246
554 482 567 493 -
579 528 671 583 Rasol.
692 528 716 579 ι.
737 542 823 596 super
840 527 1028 595 Propositioa.

335 720 502 800 opiniones
519 716 710 797 impugnavit
733 723 764 777 et
786 715 968 797 praevaluit.
997 715 1083 777 Idem
1104 716 1179 777 fecit
1198 714 1261 776 Oc·

338 823 427 879 cam,
450 802 587 861 fecerunt
609 808 640 859 et
662 800 748 860 multi
772 800 840 875 alii,
862 801 979 861 faciunt
998 818 1096 877 usqne
1116 800 1152 859 iu
1170 818 1261 878 prae-

339 892 457 947 sentem
482 885 573 961 diem,
596 890 627 944 et
649 902 718 943 cum
742 884 871 965 singulis
892 902 1000 945 eorum
1021 883 1150 945 liberum
1166 879 1262 963 eitl),

339 968 481 1031 omnihus
504 967 725 1044 contradicere,
749 986 803 1029 cur
825 987 885 1065 ego
907 987 986 1029 unus
1008 967 1179 1047 hacgratia
1199 967 1262 1045 pri-

337 1053 413 1115 vor?
435 1052 576 1130 Denique
598 1070 666 1111 curn
690 1058 722 1111 ct
745 1070 805 1131 ego
826 1053 859 1112 in
879 1052 949 1113 aliia
970 1050 1074 1111 multis
1096 1049 1262 1109 sententiis

336 1138 402 1197 sine
424 1134 550 1215 querela
572 1133 714 1195 omnihus
743 1134 933 1213 contradixi,
963 1153 1017 1194 cur
1042 1135 1076 1193 in
1105 1133 1164 1193 hac
1195 1151 1263 1191 una

335 1239 447 1282 novam
471 1219 572 1299 legem
593 1218 702 1296 patior.

417 1303 524 1382 ltaque
545 1318 635 1380 rogo,
657 1299 797 1360 attendat
819 1302 869 1380 qui
890 1300 985 1376 volet,
1007 1318 1070 1361 non
1090 1300 1178 1378 quis,
1201 1305 1261 1359 ant

336 1391 444 1447 contra
467 1404 555 1464 qnos,
578 1381 632 1443 sed
655 1382 727 1463 quid
750 1389 783 1443 et
803 1389 1016 1462 contraquae
1023 1382 1134 1444 dicam.
1156 1381 1261 1443 Cedat

335 1475 492 1548 respectus
510 1486 721 1547 personarum,
745 1485 821 1545 quas
832 1467 915 1527 Deus
937 1484 1013 1526 nou
1023 1467 1142 1544 accipit.
1167 1466 1262 1545 Legi-

337 1572 404 1612 mus
428 1554 458 1611 in
481 1548 663 1629 Evangelio,
687 1551 894 1630 praecipiente
917 1549 1059 1627 Christo,
1081 1548 1204 1610 Scribas
1229 1557 1263 1610 et

336 1635 520 1697 Pharisaeos
553 1634 585 1693 in
633 1632 780 1694 cathedra
800 1634 879 1696 hiosi
914 1632 1058 1693 sedentes
1086 1631 1262 1693 audiendos

336 1738 426 1791 esse,
449 1737 511 1777 non
534 1716 605 1794 quia
625 1735 780 1795 personae
802 1722 924 1795 essent,
946 1716 977 1775 id
999 1725 1056 1793 est,
1078 1715 1204 1777 sannae
1229 1723 1264 1777 et

335 1800 511 1879 Pharisaei,
534 1797 589 1859 sed
611 1799 682 1877 quia
704 1800 812 1860 Mosen
836 1797 992 1863 docerent
1015 1798 1161 1878 Alioquin
1187 1818 1262 1859 cum

336 1884 456 1945 sitiam
486 1882 623 1943 seculum
647 1884 932 1963 corruptissimum,
954 1890 1156 1963 temporaque
1178 1884 1261 1961 peri-

336 1966 548 2040 culosissirna,
582 1966 614 2024 in
636 1966 766 2045 proclivi
789 1968 861 2043 erit,
897 1968 923 2027 si
952 1966 1154 2061 superbiaet
1186 1985 1262 2026 con·

335 2056 452 2128 temptu
486 2049 678 2128 coeperimus
701 2068 814 2129 agere,
848 2056 882 2109 ut
916 2051 1105 2109 incurramus
1125 2049 1157 2108 in
1179 2048 1261 2109 iliud

331 2132 415 2205 ⁴Psal
440 2133 488 2195 14.
516 2130 707 2211 pericnlum:
732 2131 939 2193 Consilium
930 2132 1033 2211 inopis
1061 2128 1259 2207 confudistis

335 2214 479 2311 quoniam
504 2215 653 2274 Dominus
676 2236 759 2295 spes
772 2217 837 2275 eius
861 2223 908 2275 est
928 2212 973 2296 ²).
1016 2214 1118 2290 Quare
1140 2234 1259 2278 merno-
1276 2278 1280 2287 ,

335 2318 383 2359 res
405 2299 560 2374 invicem,
592 2298 675 2376 quod
705 2319 813 2360 omnes
842 2318 946 2359 sumus
969 2298 1130 2373 homines,
1163 2317 1258 2377 quarn
1338 2309 1342 2317 '

335 2381 424 2443 facile
447 2382 487 2441 sit
509 2400 630 2464 errare,
666 2403 757 2461 quarn
786 2402 855 2444 raro
885 2388 917 2442 et
937 2380 1064 2444 difficile
1093 2383 1259 2462 contingat

310 2485 407 2534 ‚vera
429 2483 554 2544 sapere,
585 2471 616 2524 et
638 2473 722 2527 rectc
744 2485 848 2546 agere,
871 2466 1027 2528 communi
1050 2465 1153 2530 studio
1173 2467 1255 2525 veri-

299 2592 304 2609 ,
334 2556 427 2609 tatem
457 2567 639 2628 quaeramus
664 2549 783 2628 potius,
819 2568 911 2628 quam
938 2550 1069 2610 invicem
1092 2548 1161 2610 solo
1185 2547 1255 2628 glo

334 2633 398 2692 riae
429 2638 482 2692 aut
514 2650 621 2691 sensus
644 2633 758 2712 proprii
781 2631 886 2693 tuendi
916 2631 1017 2694 studio
1051 2631 1255 2707 mordeamus

335 2721 366 2776 et
389 2734 606 2782 consumamur,
628 2713 672 2792 ³).
779 2771 782 2778 ,
820 2783 825 2788 ,

417 2797 601 2876 Secundum,
624 2798 705 2876 quod
728 2799 803 2859 mihi
825 2798 986 2873 obiicitur,
1008 2797 1093 2878 quod
1115 2797 1165 2860 hic
1186 2800 1259 2859 arti·

334 2882 420 2941 culus
443 2882 474 2940 in
499 2882 731 2942 constantiensi
754 2883 887 2945 concilio
910 2887 958 2942 est
977 2883 1058 2943 inter
1077 2880 1257 2942 Hussiticos

333 2984 479 3045 expresse
502 2963 687 3024 damnatus:
725 2963 776 3026 hic
809 2967 834 3026 si
865 2983 928 3025 non
958 2985 1032 3025 mox
1053 2964 1131 3025 sileo
1155 2970 1187 3024 et
1207 2985 1258 3024 re-

334 3067 423 3125 voco,
447 3048 608 3108 continent
630 3067 739 3125 aures,
764 3055 796 3109 ct
814 3049 931 3128 impetu
948 3047 1031 3109 facto
1052 3050 1157 3127 iguem
1180 3047 1258 3109 mihi

321 3131 503 3207 minantur,
534 3149 635 3209 neque
658 3133 738 3192 enirn
762 3132 925 3212 dignantur
946 3131 997 3192 hic
1018 3131 1113 3192 ulium
1134 3149 1255 3190 moram

335 3213 385 3272 vel
407 3214 627 3274 excusationis.
651 3213 711 3275 sed
735 3216 877 3290 obsecro,
899 3217 1047 3276 aetneis
1069 3213 1180 3274 modus
1202 3233 1255 3274 ve·

333 3297 451 3358 ritatem
492 3295 659 3375 quaerendi
694 3299 795 3360 statim
836 3298 994 3360 obstruere
1028 3316 1064 3358 os
1095 3299 1257 3375 quaerenti

304 3379 515 3438 ·veritatern?
554 3379 600 3439 xEt
629 3380 681 3440 ubi
709 3388 777 3454 est,
807 3380 891 3460 quod
922 3382 1014 3442 Petro
1047 3380 1260 3459 praecipiente

332 3466 379 3521 rat
380 3462 411 3522 ic
367 3461 594 3522 treddenda
614 3471 660 3524 est
681 3466 764 3524 omui
787 3465 956 3543 poscenti?
977 3462 1120 3539 Deinde,
1150 3482 1258 3524 nonne

333 3543 465 3606 coucilia
488 3546 609 3626 saepius
632 3548 831 3609 erraverunt?
864 3567 968 3608 noune
990 3508 1162 3627 prrinrius
1185 3565 1257 3606 oum

332 3629 425 3688 totius
466 3625 589 3692 Africae
632 3631 788 3728 episcopis
823 3629 928 3692 habito
971 3629 1103 3691 concilio
1140 3631 1257 3691 erravit

320 3737 324 3742 ³
334 3712 424 3772 etiam
449 3711 479 3770 in
501 3711 629 3774 articulo
653 3714 834 3794 gravissimo
842 3712 927 3774 fidei
949 3713 988 3774 de
1011 3714 1122 3774 virtute
1143 3711 1258 3793 baptis·

366 3986 397 4056 1)
418 3988 448 4040 In
468 3986 511 4044 sd.
530 3989 600 4056 orig.
619 3985 709 4044 deest:
732 3991 776 4043 sit.
799 3987 829 4052 2)
848 3986 1018 4042 Ibiddsestt
1037 3991 1087 4040 est.
1107 3986 1142 4053 3)
1163 3985 1232 4042 ibid.
1249 4006 1257 4041 ε

332 4074 542 4114 consumamus.
604 4081 606 4084 ·
1088 4110 1090 4113 .
