3075 4775
603 558 639 615 de
656 561 848 615 mttninonio.
942 548 954 566 χ
1121 557 1189 623 '451

259 743 655 823 son*)teeiasedioih1n,
688 746 740 825 qni
762 761 837 805 oa·
857 745 889 804 in
912 743 1036 806 civitate
1058 744 1190 824 quadam

264 827 387 888 indonet
405 828 543 907 puellam
565 829 751 909 elegantem,
774 834 807 888 et
822 847 906 907 ‘quae
927 829 956 888 ei
978 827 1123 908 plaoenot,
1143 847 1190 890 ue-

264 929 373 970 nerem
396 912 437 972 ad
459 918 620 992 parentes,
656 911 745 983 Vidi,
772 913 887 990 iuquit,
919 911 1070 990 puellam,
1097 929 1188 991 qnam

265 1012 349 1072 amo,
370 1013 449 1074 rogo
471 1013 539 1072 vos,
564 994 637 1055 date
657 995 732 1054 mihi
752 995 836 1054 illam
859 997 890 1054 in
913 1011 1051 1055 uxorem.

349 1075 485 1138 Tertium
507 1078 623 1138 honum
643 1079 831 1138 matrimonii
852 1077 966 1137 fruetus
985 1077 1115 1146 dieitur,
1138 1078 1190 1156 qui

263 1158 335 1220 tinia
358 1168 390 1220 et
410 1159 545 1222 offitium
566 1162 753 1222 mahimonii
775 1162 973 1241 praeeipuum
996 1167 1053 1220 est.
1082 1161 1187 1240 Porro,

266 1251 301 1302 nt
322 1242 467 1304 dootonaa
488 1244 527 1304 de
548 1244 647 1305 huetn
669 1245 849 1324 loquuntur,
886 1261 954 1304 otum
984 1243 1092 1305 diuum
1111 1243 1188 1303 frua-

265 1334 330 1386 tum
355 1345 509 1388 exousare
536 1333 720 1407 peceatum,
754 1347 817 1388 non
851 1329 924 1387 satis
956 1335 1005 1386 eat
1031 1328 1190 1407 aooepisae

263 1408 397 1470 fruohnm
416 1412 613 1488 matrimonii,
635 1411 694 1471 nisi
714 1410 864 1471 adunatur
885 1410 924 1470 aul
943 1409 1067 1471 laudem
1086 1418 1120 1470 et
1137 1410 1189 1470 ho·

266 1511 375 1552 uorem
410 1493 483 1571 Dei,
517 1493 632 1572 alioqui
663 1494 796 1574 gentiles
824 1495 906 1554 huno
939 1494 1067 1554 frustum
1097 1495 1189 1554 etiam

266 1574 391 1636 hahent.
414 1575 493 1637 Sunt
510 1578 566 1656 qui
589 1577 688 1637 solum
711 1577 862 1638 haeredes
885 1583 1044 1656 queemnt,
1065 1577 1115 1637 vel
1138 1575 1188 1636 de-

266 1658 465 1720 leatationam
487 1661 668 1740 expueris,
697 1661 774 1720 nihil
801 1668 942 1720 nutantes
968 1660 1098 1740 gloriam
1121 1659 1190 1738 Dei,

265 1741 308 1802 ad
329 1742 421 1821 quam
444 1751 603 1823 oporteret
624 1763 747 1824 semper
768 1751 921 1824 spectare.
964 1743 1004 1804 Et
1022 1751 1105 1821 sunt,
1128 1744 1190 1821 qui,

264 1843 336 1909 eum
356 1826 503 1905 ignorent
523 1834 690 1906 praesepta
711 1827 779 1904 Dei,
799 1828 945 1906 ignorent
964 1827 1111 1906 pietatem
1136 1845 1189 1905 pu·
1283 1828 1291 1838 ‘

262 1909 327 1968 aris
345 1909 563 1970 iuonloandam
585 1909 767 1989 praecipue,
803 1919 947 1989 parentes
978 1917 1080 1969 tamen
1103 1907 1190 1970 finnt.
1302 1971 1304 1978 ,

266 1991 335 2052 Heo
354 1991 491 2069 audiant,
513 1993 565 2072 qui
586 1993 618 2052 in
637 1994 833 2054 matimonio
847 1993 982 2072 nopulati
1004 2000 1084 2066 sunt,
1107 1990 1190 2070 quod
1279 2063 1283 2070 ι

265 2074 385 2136 nullum
413 2095 491 2155 opus
519 2077 589 2136 Deo
613 2077 749 2156 gratius,
785 2075 977 2136 Christianae
1003 2075 1190 2155 reipublieae

265 2157 342 2218 nihil
366 2158 488 2236 utilius,
522 2160 700 2238 perentibus
734 2167 767 2218 et
797 2158 902 2220 liberis
938 2158 1012 2220 nihil
1040 2158 1190 2219 salubrius

264 2242 450 2322 oontiugers
471 2248 588 2322 potest,
619 2247 714 2322 quam
741 2244 768 2302 si
789 2243 875 2322 puori
902 2243 953 2322 pie
980 2243 1189 2302 instituantur.

264 2324 534 2406 Peregrinationes
555 2325 595 2387 ad
618 2326 766 2404 Romam,
796 2326 1006 2405 Hierusalem,
1038 2325 1078 2385 ad
1101 2324 1189 2387 (loun-

155 2460 156 2464 ,
263 2409 432 2488 postellam
465 2409 496 2473 S.
518 2409 640 2488 laeobi,
677 2409 752 2471 nihil
782 2418 853 2469 sunt
881 2410 1014 2471 oollatae
1049 2409 1087 2469 ad
1121 2410 1189 2487 hoo,

262 2490 350 2571 quod
377 2500 425 2554 est
452 2511 509 2555 osu
540 2494 627 2573 regia
655 2495 706 2553 via
726 2492 905 2572 perentibus
929 2491 1128 2572 perveniendi
1149 2492 1189 2552 ud

263 2594 395 2655 regnum
417 2576 485 2638 Dei.
528 2576 692 2637 Praeterea
717 2576 780 2637 hoo
802 2575 904 2635 affinio
927 2594 1032 2635 narare
1054 2582 1117 2634 tam
1137 2574 1189 2637 ah·
1240 2594 1244 2602 ’

265 2658 392 2719 sardum
421 2659 555 2745 videtui,
588 2677 679 2738 quam
707 2660 811 2739 ignem
840 2678 901 2718 nou
932 2678 1040 2735 urere,
1076 2676 1188 2736 aqnem
1234 2705 1238 2714 s

263 2761 329 2803 non
352 2742 540 2804 humeotare.

348 2826 391 2887 Ut
407 2843 486 2906 ergo
518 2826 551 2886 in
573 2824 676 2885 liberis
703 2826 762 2885 tuis
793 2825 932 2902 eoelum,
964 2827 1014 2885 sio
1034 2824 1186 2883 infernum

265 2926 391 2988 quoque
413 2910 560 2972 eitissima
581 2909 726 2969 meruisti.
764 2908 846 2968 Nihil
866 2908 1027 2986 abientius,
1049 2924 1189 2967 exsenia-

266 2992 400 3055 biliusve
425 2992 551 3069 laceris,
588 3010 677 3071 quam
706 2993 732 3053 si
757 2992 951 3072 negliganter
978 3009 1091 3071 pueros
1119 2997 1189 3051 tuos

266 3075 399 3153 adunas,
429 3075 513 3155 quod
542 3083 606 3136 tum
627 3073 679 3151 fit,
714 3074 838 3153 quando
867 3076 942 3135 sinis
965 3074 1189 3153 blasphemare,

265 3158 460 3239 impudenter
492 3159 596 3238 loqui,
629 3159 764 3238 impuras
794 3158 964 3218 cantilenas
987 3158 1124 3235 disoeno,
1158 3163 1190 3215 et

265 3244 353 3301 iuxta
374 3261 500 3321 pravam
523 3261 628 3303 eorum
652 3241 841 3303 voluntatem
865 3242 978 3301 vivere.

319 3344 323 3362 ·
350 3324 442 3387 Tales
464 3332 536 3385 suut
551 3324 685 3404 qnidam,
707 3326 759 3405 qui
775 3344 888 3405 pueros
900 3324 1054 3384 indecenti
1075 3322 1189 3383 amiotu

265 3406 308 3469 ad
329 3406 476 3469 mundum
496 3408 653 3485 alliciunt,
681 3408 721 3468 ad
742 3428 889 3487 pompam
912 3415 944 3467 et
964 3408 1075 3468 fastum
1099 3407 1189 3483 vitae,

266 3490 307 3553 ad
328 3491 451 3553 divitias
472 3492 630 3571 instigant,
650 3491 691 3551 ad
714 3492 859 3569 honores,
877 3481 980 3570 ¹u'uagis
1002 3489 1127 3551 sollieiti
1149 3488 1188 3549 de

266 3592 400 3654 conpore
419 3592 514 3653 quam
535 3575 639 3635 anima
661 3592 840 3653 puerorum,
867 3593 971 3653 neque
994 3572 1188 3634 oonsidenan-

267 3664 315 3717 tes
337 3658 504 3717 maximam
533 3658 682 3719 iaotunam
704 3658 865 3718 imminere
887 3657 977 3717 rebus
999 3656 1190 3733 Christianis,

268 3759 324 3820 par
345 3759 457 3820 pueros
479 3759 639 3820 perperam
662 3742 841 3820 institutos,
863 3759 942 3820 quas
964 3742 989 3799 si
1012 3738 1125 3801 debent
1144 3757 1188 3799 re-

267 3824 411 3902 formari,
433 3842 562 3885 neeesse
583 3829 647 3902 ast,
669 3831 702 3885 ut
722 3824 797 3885 olim
819 3844 839 3884 a
862 3825 962 3903 pueris
982 3822 1038 3885 fiat
1059 3823 1188 3883 initium.

351 3906 420 3969 llue
450 3908 571 3971 tertium
604 3906 719 3988 honum
744 3908 930 3969 matrimonii
953 3908 1118 3967 maximnm
1140 3912 1190 3965 est

269 4049 298 4054 ”
341 4096 373 4163 ·)
393 4094 540 4151 ludin1l.
911 4164 979 4231 29*
