3075 4775
465 640 473 656 Ι
549 535 856 624 ιιιῖοιιιίἱιειοοριι
975 536 1002 641 Ι“
1114 552 1177 621 145
1204 516 1238 605 ⁸.

257 739 338 801 dere.
366 737 444 801 «Sed
465 758 547 818 quae
568 745 642 801 tune
663 745 711 800 est
731 739 792 801 ista
811 737 995 818 obstinatis,
1028 740 1053 799 si
1076 738 1179 821 Augu·

255 825 368 883 atinum
389 821 548 901 eoueedit,
566 842 667 886 ‚omne
698 824 838 884 meritum
860 822 912 883 hio
932 824 1122 904 comparari,
1145 832 1178 884 ut

255 906 337 967 disat
367 906 500 987 gratiam
536 906 567 967 in
598 906 776 985 animabus,
814 906 906 967 etiam
934 906 964 967 in
996 907 1175 989 purgatorio

254 1010 292 1051 au
314 1010 372 1051 err.
860 1036 866 1055 ,

292 1010 314 1071 g
334 1072 446 1151 Neque
467 1072 552 1135 valet
575 1074 607 1133 in
631 1073 807 1153 praesentia
829 1072 990 1153 collyrium
1019 1092 1108 1135 suum
1137 1072 1177 1135 ad

254 1176 364 1217 omnes
375 1158 568 1234 autoritates,
589 1176 666 1235 quas
688 1154 762 1217 dioit
784 1175 848 1217 non
868 1154 955 1235 loqui
976 1155 1015 1217 de
1034 1163 1176 1237 purgato·

251 1240 306 1318 rio,
328 1258 403 1299 nam
427 1240 460 1301 B.
483 1240 671 1320 Augustinus
682 1238 758 1300 illud
773 1239 856 1307 idem
870 1238 956 1319 dixit,
975 1258 1048 1315 ¹oum
1062 1239 1100 1300 de
1113 1242 1175 1303 ani-

251 1322 361 1383 mabus
391 1323 423 1383 in
444 1324 623 1403 purgatorio
646 1328 809 1399 tractaret,
843 1327 875 1389 st
902 1324 933 1383 in
955 1322 1052 1404 Enoh.
1086 1330 1118 1385 et
1143 1325 1175 1385 in

251 1405 329 1468 libro
353 1404 394 1466 de
416 1424 490 1467 eura
509 1407 716 1486 pro'mortuis
738 1405 861 1487 agenda
883 1425 909 1467 e.
933 1410 962 1469 1.
993 1406 1071 1467 Nam
1104 1413 1195 1487 post¹
1295 1408 1297 1425 '

251 1495 385 1549 mortem
409 1508 471 1551 non
492 1508 656 1569 possumus
678 1509 772 1571 agere
789 1488 875 1569 quod
896 1489 1033 1569 prodest,
1055 1488 1110 1550 sed
1131 1508 1176 1551 re-

250 1573 357 1653 sipere
379 1572 463 1650 quod
487 1574 614 1653 egimus.
636 1572 672 1633 In
692 1572 775 1650 hano
797 1574 877 1633 enim
899 1573 1049 1635 inciderat
1071 1574 1175 1653 Augu·

250 1657 349 1716 stinus
371 1654 595 1733 difficultatem,
618 1655 776 1733 quomodo
799 1654 943 1737 suffragia
957 1657 1084 1719 mortuis
1106 1677 1175 1738 pro·
1289 1676 1293 1686 “

250 1738 344 1817 desse
366 1745 506 1819 possunt,
530 1739 602 1818 quia
623 1738 698 1799 nihil
721 1739 931 1801 mererentur?
973 1741 1114 1801 Resurrit
1136 1739 1174 1801 ad
1258 1764 1265 1775 ¹
1372 1766 1373 1773 ι

249 1821 325 1900 lroo,
356 1826 390 1881 ut
418 1823 450 1882 in
478 1823 543 1882 vita
565 1822 747 1901 meruerint,-
774 1816 856 1903 quod
886 1823 930 1883 eis
952 1828 1174 1905 postmortem

250 1904 435 1985 prodesset,
465 1924 558 1985 quare
583 1905 694 1965 frustra
715 1905 871 1966 nitebatur
894 1924 943 1966 me
964 1908 1114 1969 instruere
1136 1906 1175 1967 de

249 2008 343 2049 sensu
365 2007 446 2066 suo,
479 2008 571 2067 quern
593 1989 667 2049 satis
688 1988 768 2049 bene
804 1990 919 2069 aceepit
962 1989 1029 2051 Nee
1049 2009 1175 2070 persua·

253 2071 395 2132 siuneula
426 2090 483 2134 sua
503 2071 666 2151 quidquam
692 2074 841 2135 momenti
867 2072 961 2133 habet
987 2072 1069 2155 apud
1091 2071 1175 2133 Chri-

253 2157 398 2233 stianum,
420 2150 637 2234 quiavenislia
647 2174 708 2217 non
721 2156 915 2217 remittantur
930 2156 997 2217 sine
1008 2162 1175 2238 augmento

251 2240 382 2329 gratipe.
403 2236 518 2312 Probet
538 2238 599 2299 boe
620 2237 807 2300 reverendus
830 2238 928 2303 Pater.
951 2240 1043 2301 Nulla
1063 2241 1174 2301 autori·

252 2328 317 2383 tate
339 2321 402 2384 hoe
424 2328 472 2382 est
491 2320 639 2395 saisitum,
660 2321 724 2383 imo
747 2328 795 2383 est
815 2321 946 2402 falsum,
976 2343 1043 2384 eum
1063 2343 1173 2406 ,pessa-

253 2412 316 2466 tum
341 2405 463 2468 veniale
477 2405 535 2466 Dei
558 2404 708 2468 offensam
730 2425 793 2467 non
814 2405 907 2468 faeiat
928 2427 967 2468 ex
980 2407 1038 2470 Dei
1055 2408 1174 2469 'miseri-

253 2489 370 2569 eordia,
391 2508 455 2550 non
477 2507 555 2570 opus
578 2495 625 2549 est
645 2509 728 2552 nova
749 2490 848 2570 gratia
868 2492 900 2551 in
922 2493 987 2552 eius
1009 2490 1174 2574 deletione,
1279 2558 1280 2563 ,

253 2573 306 2634 aed
332 2571 454 2651 suffieit,
477 2571 560 2652 quod
582 2572 691 2651 aliquis
712 2591 769 2654 pro
793 2592 831 2634 eo
853 2575 927 2635 satis
949 2575 1090 2656 patiatur.

335 2653 526 2738 Quadrato
548 2655 685 2717 seeundo
707 2656 778 2716 loeo
801 2664 983 2720 exossatus
1006 2657 1044 2719 de
1059 2672 1173 2736 errore,

253 2741 325 2819 quia
345 2758 411 2801 non
432 2739 524 2800 video
546 2757 637 2800 unam
659 2740 779 2800 literam
801 2739 964 2802 adductam
985 2759 1041 2822 per
1057 2742 1095 2802 D.
1118 2741 1173 2801 Pa·

252 2830 329 2883 tram
351 2842 409 2903 pro
429 2842 488 2883 sua
507 2841 591 2884 nova
611 2821 767 2884 doetrina:
790 2823 862 2885 ideo
884 2827 992 2885 merito
1015 2824 1107 2886 debet
1128 2839 1181 2885 re-'

251 2907 352 2986 putari
375 2913 529 2987 suspeeta,
551 2925 620 2966 eum
634 2907 839 2967 resentiorum
863 2907 1079 2989 theologorum
1102 2925 1171 2969 sen·

252 2991 348 3051 tentia
382 2995 429 3051 tot
455 2999 563 3050 saurae
591 2988 767 3070 scripturae
795 2997 827 3052 et
848 2999 1025 3052 sanctorum
1049 2991 1171 3052 Patruus

251 3073 365 3134 nitatur
385 3072 608 3134 autoritatibus.
630 3072 698 3134 Nes
718 3073 779 3135 boo
800 3081 937 3154 excusat,
959 3074 1042 3156 quod
1064 3073 1173 3154 aliqui-

252 3155 307 3218 bus
328 3158 464 3236 imponit
484 3156 586 3217 faeere
598 3157 764 3236 opiniones
784 3157 925 3219 Thomas
946 3159 996 3220 vel
1010 3157 1103 3222 Sooti,
1117 3160 1172 3219 sie
1272 3190 1276 3198 =

250 3249 281 3302 ut
300 3239 451 3302 artiemos
473 3239 561 3316 fidei,
596 3238 719 3320 dequo
743 3240 816 3304 mibi
838 3261 908 3314 non,
924 3248 1073 3305 constat..
1102 3241 1170 3322 Ego

251 3342 312 3384 non
328 3323 483 3388 Thomam
506 3321 557 3384 vel
580 3321 727 3401 Scotum,
749 3323 804 3384 sed
827 3325 997 3386 clarissima
1020 3325 1171 3406 eoelesiae¹

227 3405 367 3468 ·lumina
387 3425 458 3468 eum
490 3425 579 3471 saera
594 3405 757 3486 ‘Scriptura
785 3406 919 3486 adduxi,
953 3408 1063 3470 viderit
1093 3409 1170 3490 ipse,

251 3508 326 3569 quos
354 3489 559 3570 theologistas
580 3490 710 3550 incuset.
1087 3567 1089 3574 Α

223 3615 229 3628 .
332 3573 439 3635 Tertio
469 3572 515 3657 ad¹
536 3572 740 3654 Augustinus]
773 3572 847 3634 dioit
879 3573 917 3633 de
939 3574 1024 3652 libris
1046 3575 1170 3637 Mesha-

250 3653 408 3736 bseorum,
430 3656 586 3718 fortiorem
610 3655 800 3737 opponendo
823 3655 857 3718 B.
879 3656 1115 3739 Hieronymum,
1138 3666 1170 3723 at

250 3737 456 3819 Hieronymus
475 3738 583 3800 nullibi
595 3746 689 3820 negat
709 3739 805 3800 libros
818 3739 1073 3802 Maohabaeorum
1087 3741 1169 3822 apud

251 3823 414 3884 eoelesiam
437 3841 507 3884 esse
527 3821 567 3883 de
583 3841 704 3884 sanoue
727 3821 862 3900 Bibliae,
891 3825 963 3902 quin
983 3825 1015 3884 in
1037 3823 1168 3904 prologo

251 3903 312 3967 boe*
326 3912 508 3968 constanter
530 3907 640 3968 asserit
661 3905 754 3966 luisse
781 3912 961 3968 annotatum
984 3909 1063 3968 inter
1094 3905 1168 3967 divi·
1208 3911 1210 3919 '

251 4007 359 4050 norum
379 3990 570 4051 voluminum
591 3989 745 4050 historias.
767 3987 870 4064 Quare
899 3990 1055 4070 opuseulis
1077 3988 1107 4051 S.
1115 3987 1168 4048 Pa-

250 4077 327 4133 trum
347 4074 380 4133 in
402 4091 471 4134 ean.
493 4071 581 4141 Rom.
597 4074 645 4138 15.
666 4071 736 4136 dist.
759 4091 821 4133 non
842 4071 947 4136 debuit
967 4072 1166 4151 aequiparari.

274 4185 366 4227 unum
379 4197 431 4236 opp.
445 4187 473 4228 v.
488 4187 515 4227 a
529 4188 559 4227 ss
572 4187 612 4228 res
626 4187 676 4228 rra
690 4188 706 4227 ι.
718 4199 742 4237 p.
756 4187 806 4229 ror.
820 4188 860 4228 ιιι.
1005 4153 1043 4216 10
