3075 4775
1004 464 1012 502 i

470 606 473 613 ι
522 574 630 643 Lipsiae
647 576 676 627 iu
697 590 761 629 arce
778 537 899 631 babitus.
1114 570 1179 641 219

163 752 164 797 ³
258 783 350 845 qnam
374 764 450 825 mihi
472 784 512 825 ea
531 764 693 843 sustinere,
715 762 747 825 id
769 764 853 845 qaod
873 766 958 845 prius
979 767 1071 827 etiam
1091 766 1125 826 in
1143 784 1179 831 rs

258 848 500 929 indulgentioris
521 868 577 908 usu
600 849 693 909 venit
772 889 783 921 ,

184 940 187 946 '
338 932 444 992 Facile
471 952 489 991 a
512 933 622 1011 quovis
642 932 776 994 honesto
804 937 836 992 et
857 931 940 993 bono
963 932 1027 992 viro
1049 931 1177 994 iudicari

258 1022 379 1095 potest,
414 1014 498 1093 quod
525 1016 605 1075 sicut
634 1015 680 1075 ilii
707 1017 793 1096 prius
813 1014 982 1076 mendaciis
1005 1035 1055 1075 me
1078 1015 1178 1106 badu-

257 1100 370 1173 xerint,
395 1099 438 1159 ita
460 1106 491 1159 et
510 1118 603 1179 porro
616 1098 759 1175 facturos,
784 1100 1008 1160 maximarum
1031 1105 1092 1159 tam
1105 1119 1177 1179 pue-

257 1182 364 1243 rilibus
388 1181 499 1242 fabulis
522 1202 555 1242 ue
567 1181 709 1261 prodant,
732 1202 823 1263 quam
846 1184 945 1263 parati
967 1183 1029 1242 sint
1048 1182 1087 1241 ad
1110 1200 1177 1262 per-

258 1264 412 1344 dendum,
447 1267 473 1325 si
502 1265 595 1327 modo
628 1266 759 1327 technae
787 1265 998 1348 procederent.
1040 1265 1081 1326 Et
1108 1284 1177 1325 cum

259 1348 411 1409 hactenus
434 1348 609 1409 Christiano
632 1349 725 1429 digna
747 1352 873 1430 egerim,
893 1356 925 1410 et
946 1356 1055 1411 conca
1070 1364 1179 1409 omnes

257 1434 387 1493 istorum
400 1432 570 1493 calumnias
591 1434 741 1493 innocens
762 1441 903 1531 repertus
926 1435 994 1507 sim,
1015 1432 1096 1493 bene
1111 1450 1178 1515 spe·

249 1514 403 1592 randum,
423 1535 486 1575 me
514 1522 545 1575 et
566 1535 648 1576 nunc
671 1533 734 1577 non
756 1518 815 1578 uisr
837 1516 1010 1577 Christiane
1031 1520 1179 1594 actarum,

261 1617 444 1678 quanquam
462 1598 595 1659 invidiae
616 1599 774 1680 paulisper
793 1599 964 1662 cedendum
986 1605 1043 1677 est,
1067 1604 1099 1660 et
1118 1598 1180 1659 ala·

261 1684 354 1743 criter
385 1683 528 1761 crimina,
562 1701 641 1762 quae
665 1682 839 1745 Christiano
873 1684 991 1744 nomini
1023 1702 1093 1744 meo
1125 1683 1179 1743 im
1221 1679 1229 1687 ’

258 1766 435 1847 pinguntur,
457 1764 592 1827 ferenda.
962 1804 968 1814 ·

342 1849 438 1927 Atqui
458 1868 595 1909 mearum
617 1850 750 1929 partium
773 1853 831 1926 est,
854 1868 894 1909 ne
915 1848 989 1920 mibi
1011 1849 1045 1908 in
1067 1848 1127 1909 hac
1146 1864 1181 1910 re

260 1932 380 2009 desim,
415 1937 446 1992 et
474 1932 642 2011 quemlibet
676 1934 761 2013 pium
792 1938 824 1992 et
848 1931 1054 1992 Christianum
1076 1931 1181 1992 admo·

258 2034 365 2093 neam,
398 2022 431 2076 ut
462 2034 548 2075 suam
571 2017 703 2076 animam
727 2034 745 2075 a
768 2014 881 2076 talibus
903 2014 1179 2077 obtrectationibus

259 2105 388 2177 tutetur,
418 2117 475 2159 nac
496 2106 611 2159 temere
631 2098 812 2175 iudicando,
840 2106 894 2159 ant
914 2099 1044 2159 licenter
1064 2098 1177 2159 calum-

163 2176 171 2204 *
259 2181 384 2259 niaudo,
407 2182 465 2241 Dei
486 2182 729 2263 indignationem
749 2183 894 2259 incurrat.
944 2181 1099 2257 Quocirca
1117 2182 1179 2243 hac

259 2266 426 2345 scriptione
460 2284 530 2327 mea
567 2266 711 2326 omuibus
730 2265 939 2327 innocentiam
963 2285 1063 2326 meam
1085 2272 1178 2326 testa·

255 2355 320 2410 tam
344 2366 415 2410 esse
437 2348 521 2410 volo.
566 2347 740 2429 Siquidem,
774 2349 966 2411 couscientia
997 2368 1067 2411 mea
1088 2353 1178 2426 teste,

260 2431 341 2493 aliud
366 2432 442 2491 nibil
463 2432 538 2493 mihi
559 2434 702 2498 conscius
724 2450 817 2511 sum,
839 2452 931 2512 quam
953 2436 1076 2511 omnia,
1097 2453 1178 2512 qnae

260 2507 385 2596 Lipsiae
413 2513 718 2596 propugnantum
741 2515 915 2576 Christiana
937 2535 1021 2594 esse,
1054 2521 1088 2575 ut
1114 2535 1177 2576 non

163 2627 165 2640 ν
260 2597 396 2659 dubitem
418 2599 449 2658 iu
479 2618 517 2662 ea
537 2601 739 2680 persuasione
760 2599 827 2659 fato
849 2616 919 2659 meo
943 2598 1083 2679 defungi,
1110 2617 1178 2678 grc-

262 2682 303 2742 tia
325 2689 358 2742 et
380 2679 517 2742 subsidio
539 2681 596 2742 Dei
619 2681 693 2742 mihi
715 2681 931 2762 aspirantibus.
963 2682 1032 2742 Hoc
1053 2679 1178 2742 confido

260 2783 344 2843 sane,
368 2771 400 2824 et
422 2783 478 2826 suo
500 2769 639 2844 tempore
661 2764 762 2845 palam
784 2763 910 2842 famam,
933 2783 971 2824 ac
990 2763 1080 2824 facile
1101 2758 1180 2823 tuia-

260 2847 331 2928 bor,
355 2847 451 2908 multo
475 2847 597 2927 quidem
620 2849 868 2926 facilius,'quam
889 2865 954 2906 rem
975 2845 1178 2926 indulgentia-

259 2950 326 2991 rum
348 2930 456 2991 iaisam
482 2947 552 2992 esse
572 2931 703 2996 ostendi.
1162 2959 1171 2967 ‘

342 3013 370 3073 N
373 3032 451 3093 eque
465 3031 639 3094 quenquam
651 3015 795 3076 existimo
809 3013 912 3075 bonae
921 3012 992 3074 fidei
1004 3013 1113 3091 virum,
1126 3013 1178 3090 qui

259 3097 298 3158 de
331 3116 382 3157 ma
410 3097 561 3158 affirmare
582 3099 697 3179 possit,
730 3095 814 3177 quod
846 3097 974 3158 alicuius
1000 3095 1179 3172 haereseos,

259 3181 325 3241 sive
360 3198 398 3241 ea
427 3180 590 3242 bohemica
618 3181 684 3241 sive
704 3180 817 3262 gallica
838 3187 985 3255 vocetur,
1017 3179 1180 3241 convictus

259 3263 379 3325 fuerim.
424 3263 582 3324 Eiusmodi
615 3265 713 3324 virum
746 3264 841 3324 velim
875 3284 977 3325 coram
1009 3267 1042 3322 et
1072 3262 1179 3325 videre

260 3354 291 3406 et
311 3345 429 3422 audire,
452 3349 517 3408 sive
529 3346 651 3409 doctum
675 3347 740 3408 sive
753 3347 922 3424 indoctum,
944 3346 996 3426 qui
1017 3345 1079 3406 tais
1094 3347 1180 3426 quid·

259 3429 331 3490 dam
368 3429 406 3490 de
435 3448 484 3490 me
519 3432 551 3490 in
583 3429 683 3492 lucem
712 3437 743 3491 et
769 3431 903 3492 medium
931 3429 1067 3510 proferre
1089 3432 1179 3492 ausit.

259 3511 415 3588 Quocirca
443 3513 494 3573 hic
520 3532 570 3574 me
603 3520 783 3574 excusatum
811 3514 896 3575 volo.
940 3512 1029 3588 Quod
1062 3514 1179 3593 siquis

259 3597 390 3675 posticis
411 3597 572 3656 calumniis
595 3617 645 3658 me
665 3596 861 3677 proscindet,
893 3596 945 3656 bio
961 3596 1038 3657 nihil
1057 3598 1178 3658 incom-

260 3678 346 3740 modi
377 3679 449 3740 mibi
472 3678 595 3756 efferet,
629 3680 684 3741 sed
716 3681 748 3740 in
777 3690 864 3739 suum
893 3679 1024 3741 iudicem
1052 3679 1178 3741 incidet.

259 3761 355 3824 Porro
380 3781 420 3822 ne
442 3763 515 3824 mibi
537 3763 590 3825 uni
611 3764 795 3841 inserviam,
818 3761 875 3822 sed
896 3771 929 3824 ut
949 3762 1063 3843 aliquid
1086 3763 1178 3823 etiam

163 3851 164 3862 ¹
260 3845 461 3907 emolumenti
486 3854 703 3926 consequatur,
726 3847 776 3928 qui
798 3846 877 3907 baec
898 3848 982 3929 legit,
997 3845 1178 3907 Sermonem

260 3930 290 3989 iu
314 3928 449 3990 medium
471 3928 569 4010 dabo,
591 3947 682 4009 quem
704 3929 826 4010 Lipsiae
848 3931 880 3991 in
902 3950 973 3992 arce
993 3927 1103 4003 habui,
1124 3927 1179 4008 qui

259 4009 396 4074 incendii
416 4029 530 4094 magua
564 4032 603 4074 ex
635 4020 723 4094 parte
746 4014 871 4075 occasio
897 4014 970 4091 tuit,
1003 4013 1048 4072 ita
1075 4015 1179 4070 tamon

261 4113 370 4179 Qum,
402 4102 437 4156 ut
456 4093 612 4174 molliam,
644 4113 724 4174 quae
744 4095 825 4158 forte
846 4098 880 4158 ia
899 4095 1005 4157 odium
1023 4086 1199 4180 houmere!
