3075 4775
546 491 583 546 ad
600 493 659 546 loh.
678 480 935 571 Obcolompadinm.
1113 527 1119 539 =
1148 493 1209 556 481
1231 500 1243 526 ⁰

287 677 330 739 ob
353 677 437 739 aliud
458 686 603 759 suscepta
624 687 686 758 est,
718 679 778 740 nisi
801 686 834 738 ut
862 678 963 758 palam
992 678 1096 758 lieret,
1131 683 1211 742 iuter

286 768 423 821 veterem
446 769 478 822 et
499 762 612 822 Christi
624 761 829 842 Theologiam
851 781 888 822 ao
910 763 1064 823 noviciam
1089 770 1120 824 et
1143 767 1209 828 Ari·

286 845 462 905 stotelicam
492 852 639 924 quantum
660 846 790 906 intersit.
834 846 948 906 Verum
970 846 1118 926 quidquid
1140 867 1209 927 pro·

286 927 400 988 fectum
422 930 479 1007 sit,
501 939 555 988 aut
576 947 720 1008 quorsum
742 928 917 989 inclinarint
938 947 1002 1008 res,
1038 931 1111 990 mihi
1134 951 1210 991 sane

286 1029 350 1071 non
381 1012 480 1083 estin
507 1011 638 1092 proclivi
665 1012 810 1073 iudicare.
855 1011 923 1086 Quo
947 1011 1122 1093 diligentius
1146 1032 1210 1074 om-

286 1095 339 1154 nia
360 1113 545 1174 prosequar,
577 1113 657 1174 quae
685 1095 725 1156 ad
757 1114 881 1156 causam
904 1098 1050 1172 attinent,
1082 1103 1116 1156 ut
1145 1115 1207 1157 non

285 1176 365 1237 nunt
384 1179 459 1238 certi
482 1197 521 1238 ex
539 1178 585 1238 his
609 1185 642 1238 tu
655 1197 750 1258 queas
774 1179 926 1239 oculatior
947 1181 1080 1259 assequi.
1116 1179 1208 1240 Varia

285 1260 394 1340 procul
416 1260 509 1322 dubio
531 1261 614 1322 fama
635 1261 676 1323 ad
697 1282 754 1323 vos
773 1263 915 1342 perferet,
939 1270 1127 1343 quapropter
1147 1261 1209 1323 fide
1261 1277 1263 1287 ¹

285 1345 432 1404 historica
460 1351 491 1403 et
522 1363 614 1424 qnam
643 1346 869 1426 simplicissime
899 1345 1070 1407 subnotatis
1103 1348 1207 1428 capiti-

285 1427 342 1488 bus
364 1426 597 1506 disceptationis
610 1448 711 1509 agam,
735 1437 767 1488 nt
789 1429 955 1509 intelligas,
978 1429 1049 1507 quid
1073 1429 1112 1489 de
1134 1448 1206 1509 quo·
1323 1474 1334 1486 .

284 1529 346 1590 que
368 1518 600 1571 controversum
622 1515 670 1570 sit.

367 1594 470 1672 Atque
503 1600 536 1654 ut
567 1593 640 1654 inde
667 1591 779 1679 ὥσπερ
813 1590 882 1658 ἀπὸ
911 1599 1060 1680 γραμμῆς
1094 1595 1205 1666 ordiar,

284 1677 444 1756 superiore
464 1696 547 1738 auno
571 1681 750 1757 sententias,
774 1697 850 1758 quas
873 1677 1022 1738 Lutherus
1044 1679 1083 1739 de
1106 1679 1207 1739 ludul-

283 1760 396 1842 gentiis
408 1763 571 1840 proposuit
586 1760 797 1841 disputandas,
819 1761 931 1822 Eccius
954 1763 1052 1824 obelis
1075 1764 1206 1840 notavit,

284 1843 503 1903 amarulentius
531 1851 579 1904 est
600 1846 762 1925 scriptum,
803 1863 893 1923 quam
927 1852 960 1905 ut
987 1845 1059 1905 hinc
1090 1846 1205 1924 aliquid
1247 1895 1248 1898 ,

283 1926 447 2006 profetam.
496 1927 546 1986 Ex
577 1926 638 1988 illis
668 1929 790 1988 revellit
825 1928 944 2006 aliquot
972 1929 1204 1990 Oarolostadius

283 2014 314 2070 in
338 2009 596 2071 Conclusiouibns
619 2013 699 2090 suis,
722 2030 802 2090 quae
824 2018 964 2090 exstant,
989 2011 1204 2073 Oarolostadio

283 2092 443 2172 respondit
463 2093 575 2154 llccius
597 2113 652 2174 per
668 2094 866 2174 Apologiam,
888 2096 918 2154 in
942 2113 1003 2174 qua
1023 2095 1083 2154 iam
1106 2096 1204 2175 plera-

282 2195 343 2255 que
367 2177 468 2236 mitius
498 2196 589 2257 quam
612 2184 684 2239 ante
706 2179 736 2237 in
759 2177 868 2240 obelis.
911 2178 1097 2258 Apologiam
1120 2178 1203 2240 edito

283 2258 388 2320 libello
413 2260 645 2321 Oarolostadius
674 2261 858 2340 confutavit,
893 2262 988 2343 longa
1018 2269 1065 2322 est
1085 2263 1203 2340 iniuria,

283 2342 397 2425 longae
430 2344 594 2425 ambages,
632 2343 750 2426 placuit
779 2345 817 2407 ad
840 2365 1008 2423 summum,
1046 2354 1079 2405 ut
1101 2353 1205 2407 cetera

283 2439 491 2507 praeteream,
528 2427 699 2507 disputare,
733 2428 799 2488 dies
830 2428 929 2489 dictus
964 2437 1020 2489 est.
1054 2429 1202 2508 ,Lipsiam

284 2511 412 2581 veniunt
431 2510 584 2572 lohannes
614 2511 724 2571 Eccius
752 2510 1023 2592 lngolstadlensis,
1062 2512 1202 2572 Andreas

284 2593 516 2654 Oarolostadius
555 2599 587 2654 et
609 2594 756 2655 Martinus
788 2594 937 2655 Lutherns
958 2593 1202 2675 Vuiteubergen·

282 2696 343 2738 ses.
386 2677 498 2747 Rerum
532 2696 651 2737 summa
684 2680 716 2738 in
749 2678 966 2739 conclusiones
995 2682 1104 2737 coacta
1137 2683 1202 2737 erat

281 2754 439 2839 pauculas,
461 2779 522 2841 quo
544 2762 656 2822 certine
679 2761 710 2821 id
732 2766 973 2843 proponeretur,
997 2760 1119 2838 dequo
1142 2760 1200 2820 dis-

282 2843 451 2922 putandum
474 2851 564 2905 esset.
608 2843 689 2905 Satis
712 2847 824 2925 opinor
852 2839 994 2905 constare
1022 2844 1094 2921 tibi,
1128 2842 1201 2923 quid

281 2925 321 2987 de
343 2925 568 3008 disceptatione
591 2930 785 3005 convenerit,
810 2927 969 3005 videlicet,
1006 2932 1039 2987 ut
1060 2936 1202 3007 ageretur

281 3028 376 3069 causa
412 3011 635 3091 excipientibus
676 3012 832 3090 notariis,
865 3019 957 3090 atque
990 3010 1019 3070 id
1054 3011 1200 3091 scriptum

280 3094 496 3175 evulgaretur,
540 3103 684 3175 essetque
722 3095 869 3157 iudicium
913 3114 1008 3175 penes
1051 3096 1200 3172 optimum

281 3196 456 3257 quemque.¹

363 3261 496 3322 Primum
527 3262 637 3323 Eccius
670 3270 814 3325 causatus
850 3266 897 3323 est
930 3258 1012 3340 apud
1041 3278 1112 3336 eos,
1150 3262 1215 3339 qui'

281 3343 434 3424 designati
464 3354 552 3405 erant
586 3345 626 3406 ab
660 3347 866 3407 illustrissimo
890 3344 1030 3423 Principe
1063 3341 1200 3424 Georgio

280 3428 437 3491 saxoniae
458 3429 560 3507 Duce,
585 3428 765 3491 Maecenate
795 3429 997 3492 hurnanorum
1020 3425 1201 3502 studiorum,

280 3510 427 3591 praefecti
465 3512 698 3593 disputationis,
740 3522 849 3573 contra
881 3529 973 3589 quam
1009 3508 1201 3585 condixerat,

280 3594 377 3655 videri
398 3595 456 3656 sibi
478 3616 519 3657 cx
539 3598 605 3657 inre
623 3596 842 3677 disputantium
865 3612 943 3673 esse,
966 3611 1005 3653 ne
1029 3591 1210 3668 dictaretur,

279 3678 461 3759 gliscentem
494 3699 600 3740 eorum
623 3682 702 3759 vim,
736 3680 787 3759 qui
816 3676 1058 3758 congrediuntur
1083 3694 1200 3756 pugna·

280 3764 349 3840 turi,
370 3765 484 3823 sensim
506 3783 562 3843 per
584 3765 656 3844 styli
678 3782 796 3823 moram
819 3762 987 3837 delervere,
1009 3760 1125 3839 impetu
1148 3778 1201 3817 au-

279 3847 346 3927 geri
367 3846 498 3922 enimos,
522 3847 677 3908 contendo
700 3846 867 3909 labascere.
903 3842 936 3903 ld
959 3842 1137 3923 egenescio
1156 3860 1200 3925 ‘an

279 3951 298 3991 e
318 3926 514 4010 simplicitate
537 3930 715 4011 theologica
726 3930 822 3990 videri
845 3928 953 4009 possit,
975 3925 1026 3984 ubi
1041 3924 1116 3985 nihil
1138 3931 1199 3985 tam

280 4014 499 4095 praestandum
521 4022 578 4096 est,
599 4032 691 4095 qnam
711 4020 800 4075 utne
823 4011 895 4092 quid
917 4010 1044 4089 impetu,
1067 4026 1106 4067 ne
1128 4006 1200 4086 quid

305 4120 398 4162 numen
414 4132 465 4171 opp.
481 4123 508 4164 v.
522 4122 549 4163 a.
563 4121 592 4162 aa
605 4121 646 4162 rsa
659 4122 710 4161 tna
724 4121 739 4161 t
753 4131 775 4169 p.
789 4121 839 4163 vor.
854 4122 893 4160 nr.
1037 4090 1076 4155 31
