3075 4775
521 578 540 617 a
556 563 822 634 murnentanus.
930 542 943 586 s
1078 558 1141 631 169
1216 623 1223 649 Ι
1312 583 1319 604 n

233 750 406 894 buntvestris
427 751 554 813 instrum
576 749 814 811 Mendiesntium
830 748 871 812 ab
890 750 978 812 initio
1000 749 1144 813 detraxe*

233 854 277 894 mn

302 918 349 981 Ad
370 917 545 979 lnnoeentii
566 918 599 978 in
621 917 757 999 generali
786 916 918 980 coneilio
943 916 1140 979 Constitutio-
1228 990 1229 995 γ

234 1018 290 1060 nem
311 1002 394 1078 dieit,
416 1020 454 1062 se
475 1018 538 1061 nen
559 1000 742 1081 intelligere,
764 998 921 1081 quomodo
935 999 1069 1081 valeant,
1091 1001 1142 1065 vel

232 1082 429 1167 indulgentiae
448 1085 529 1145 sint
562 1084 704 1145 remissie
736 1089 945 1164 pennatorum.
989 1083 1082 1162 Dies,
1109 1090 1143 1145 ut

234 1186 349 1250 semper,
369 1186 436 1230 nun
459 1166 553 1248 dubo,
574 1173 637 1228 tam
659 1167 790 1229 solenne
803 1167 966 1228 eonsilium
990 1172 1022 1227 et
1043 1165 1141 1248 legiti-

234 1268 301 1311 mum
323 1252 466 1333 potuisse
488 1270 599 1329 errare,
623 1268 693 1311 eum
714 1250 860 1333 sflpiritu
877 1254 985 1311 saneto
1007 1267 1069 1310 non
1092 1248 1143 1311 de-

233 1333 419 1415 relinquatur,
444 1340 477 1395 et
497 1334 640 1395 remissio
662 1340 860 1415 pennatorum
881 1332 1084 1414 intelligenda
1103 1333 1144 1393 eit

234 1417 321 1494 quoad
350 1436 504 1499 poenum,
534 1418 607 1496 quie
637 1435 750 1479 nomen
778 1417 897 1499 peussti
926 1434 989 1477 non
1015 1424 1144 1497 'semper

234 1519 279 1579 pru
304 1501 411 1582 eulpa,
454 1498 513 1561 sed-
552 1500 644 1562 etlam
675 1518 732 1581 pro
765 1518 870 1581 peeus
900 1499 1011 1581 eulpae
1038 1498 1143 1560 debita

233 1589 390 1665 usurpatur,
413 1584 497 1644 sieut
515 1583 598 1664 apud
619 1583 825 1647 llselsabaeos
838 1580 887 1661 ³⁶),
909 1589 943 1643 ut
963 1602 982 1643 a
1003 1582 1142 1663 pennatis
1263 1580 1270 1591 '

233 1665 401 1745 solvantur,
440 1666 523 1747 quod
552 1666 591 1727 de
612 1666 703 1748 eulpa
728 1668 836 1747 nequit
856 1665 986 1747 intelligi
1007 1665 1140 1743 mortali,

232 1748 276 1808 sed
295 1749 333 1812 de
341 1768 450 1832 poene
461 1750 571 1830 eulpae
592 1750 705 1811 debita·
726 1748 794 1811 Etsi
806 1748 1016 1830 indulgentiae
1037 1742 1138 1809 disan·
1234 1824 1242 1831 .

232 1837 271 1891 lnr
288 1833 363 1911 deri,
387 1841 424 1894 ut
440 1832 640 1894 absolvantur
659 1853 680 1894 a
700 1850 805 1914 poena
826 1839 858 1894 et
871 1832 970 1913 eulpa,
995 1850 1048 1891 ess
1070 1850 1142 1893 eon·

233 1924 381 1994 medentes
403 1916 507 1977 nullus
534 1917 710 1977 existimare
738 1916 831 1977 debet
857 1914 1063 1996 indulgentias
1095 1932 1142 1975 re·

234 1998 338 2061 mittere
358 2000 495 2081 eulpam,
516 1998 571 2060 sed
592 2000 666 2079 quis
679 2018 762 2082 papa
783 1997 935 2073 coneedit,
958 2004 990 2058 ut
1003 2016 1023 2058 a
1036 1997 1138 2079 eulpa,

234 2080 372 2145 mediante
381 2089 577 2144 sacramento
600 2082 818 2163 poenitentiae,
840 2101 860 2143 a
880 2080 1035 2162 deputetis
1057 2098 1145 2141 eom·

235 2163 365 2226 misteriis
386 2165 597 2243 absolventur,
619 2171 652 2227 et
665 2164 1007 2247 deindeiudulgentiss,
1026 2163 1058 2223 id
1081 2169 1138 2241 est,

235 2264 388 2324 pmnnmm
405 2248 604 2312 remissiones
625 2254 862 2329 eonsequsntur.
1170 2256 1173 2261 '
1207 2262 1210 2267 “

304 2330 393 2407 Quod
418 2331 474 2406 ”l
495 2349 571 2394 veru
591 2350 626 2393 se
648 2337 791 2411 exeunt,
820 2329 902 2412 quud
925 2329 1016 2410 dixit,
1044 2328 1141 2390 indul·

237 2415 342 2490 gentius
362 2433 435 2477 esse
444 2415 550 2476 vitium
573 2413 647 2477 boni
668 2417 781 2496 operis,
803 2417 876 2495 quia
895 2421 928 2476 et
949 2415 1016 2495 ipse
1040 2413 1146 2474 volue-

238 2495 269 2556 rii
291 2500 399 2560 esteris
430 2498 554 2579 paribus
581 2516 661 2580 epus
692 2497 808 2560 bonnm
841 2517 910 2559 eum
939 2495 1137 2578 indulgentiis

239 2594 296 2640 esse
315 2581 438 2659 melius,
461 2599 553 2661 quem
574 2581 642 2642 sine
661 2581 869 2663 indulgentiis.
892 2579 952 2642 ead
973 2580 1061 2640 sinuli
1083 2577 1139 2639 fler

182 2726 183 2732 χ
239 2659 340 2741 sulest,
370 2665 445 2744 quia
463 2664 509 2725 ita
528 2664 670 2736 homines
690 2663 897 2746 indulgentias
918 2663 1085 2738 redimant,
1111 2668 1146 2722 ut

240 2740 310 2806 bens
339 2765 437 2829 opere
468 2745 523 2807 ills
556 2747 627 2808 sine
664 2747 862 2829 indulgentiis
893 2763 955 2806 nen
999 2745 1145 2822 inserent

241 2831 366 2904 quumvis
388 2829 538 2911 pleneque
566 2849 660 2911 snper
686 2831 740 2891 ille
768 2830 851 2892 dieto
881 2828 982 2890 afferri
1004 2833 1145 2909 possent,

243 2912 310 2971 etin
330 2913 441 2986 simili,
476 2912 599 2991 quando
630 2913 722 2973 vieini
743 2921 871 2994 prepter
891 2911 1054 2973 sminitinm
1075 2910 1146 2970 viei-
1262 2909 1265 2919 “

212 3020 218 3038 ·
243 3009 336 3054 nerum
357 2996 550 3056 eonveniunt
577 2990 617 3056 sd
643 2995 817 3058 oblationes
845 3002 875 3057 et
897 2994 1055 3056 offertorius
1076 2991 1146 3074 plus

243 3090 319 3152 quem
352 3079 465 3140 intuitu
492 3084 691 3140 mortuorum.
734 3079 879 3140 Attamen
910 3078 983 3139 milui
1003 3079 1142 3158 apparet,

243 3157 344 3221 meliori
363 3159 479 3222 iudidio
508 3179 632 3243 semper
651 3161 760 3241 selvo,
784 3162 844 3224 hue
865 3181 927 3223 non
951 3179 1020 3222 esse
1039 3159 1146 3220 vitium

243 3235 303 3301 beni
330 3245 442 3325 operis.
484 3244 618 3305 Primum
644 3263 684 3306 ex
714 3263 770 3323 ee,
801 3246 873 3327 quis
902 3261 1021 3305 suerum
1044 3242 1146 3304 cunni·

243 3317 302 3383 lium
332 3345 390 3406 per
420 3325 627 3412 indulgentias
662 3327 727 3388 vult
763 3328 900 3390 excitare
932 3326 1073 3388 homines
1106 3324 1146 3385 sd

243 3400 312 3466 bnnn
332 3427 437 3490 opens.
481 3409 646 3487 Secundo,
672 3412 746 3491 quia
765 3419 854 3489 esto,
884 3409 968 3490 quod
990 3408 1052 3470 tale
1073 3407 1147 3488 quid

244 3484 356 3570 ludant,
384 3492 436 3553 vel
456 3492 637 3572 exhibeant,
665 3499 791 3576 propter
811 3493 1018 3576 indulgentias
1039 3509 1146 3554 eonse-

244 3571 382 3654 quenda,
413 3581 515 3646 tumen
538 3577 599 3637 iste
619 3595 715 3674 opere
742 3597 782 3637 ex
802 3576 857 3638 illo
884 3573 946 3635 flne
966 3594 1029 3637 nen
1051 3573 1146 3636 inflsi·

245 3659 339 3728 untur,
367 3658 513 3737 quonism
544 3656 614 3720 linis
640 3666 700 3722 uste
720 3658 978 3742 indulgentiarum
1001 3676 1063 3719 non
1086 3657 1144 3717 dis·

246 3746 375 3817 nepeta
395 3739 457 3801 line
477 3741 607 3823 ultimo,
640 3744 685 3818 its
708 3743 790 3822 quod
813 3759 982 3824 poenarum
1004 3739 1143 3802 remissio

282 3945 309 4007 ⁸)
326 3945 350 4002 2.
368 3947 437 4014 lise
460 3945 501 4016 12.
562 3945 609 4014 ”J
628 3945 660 3999 In
680 3964 769 4018 marg.
790 3945 831 4002 sd.
851 3947 951 4020 origin.
972 3949 1000 3999 st
1017 3942 1079 3998 den.
1097 3939 1142 3994 hie

245 4008 341 4145 lffllznr:
378 4019 438 4110 llic¹
455 4018 626 4073 continuavit
651 4017 749 4073 lleeius
779 4019 850 4073 hors
875 4017 893 4074 2
919 4015 972 4072 'diei
1004 4013 1050 4068 xl.
1074 4011 1140 4066 lulli
