3075 4775
510 576 514 581 .
529 531 608 585 xlu..
622 532 658 588 rte
675 538 812 599 totatuta
827 534 932 600 vPapae⁴
1127 531 1189 597 343

268 737 328 797 qut
346 718 463 778 Christi
475 717 658 780 ‹hberatw
685 721 916 799 promittemus,
955 720 1009 781 sed
1044 740 1105 800 qua
1135 722 1191 783 slbi

267 804 445 862 servimtem
462 802 613 861 iuremus
656 802 743 877 Quae
757 811 860 863 autem
884 806 983 864 maior
999 805 1135 864 miseria
1144 824 1191 865 ec·

267 886 391 962 ebriae,
413 902 507 963 quam
531 903 723 963 uouemere,
744 886 800 947 sed
826 904 853 946 rr
846 887 994 967 'tconglu
981 888 1094 947 timri?
1109 904 1192 967 rpen-

266 968 365 1028 tidces
386 986 451 1027 non
472 966 709 1046 benevolentia,
745 968 800 1029 sed
834 976 989 1065 potestate
1016 970 1190 1049 imperet-e?

266 1052 408 1112 subditos
427 1069 491 1111 non
514 1069 641 1129 amore,
673 1051 730 1111 sed
765 1052 837 1113 odio
871 1058 902 1112 et
930 1054 1041 1113 timore
1062 1060 1190 1113 coactos

266 1133 405 1195 cernhel
851 1172 854 1177 -

340 1260 403 1324 sed
425 1264 562 1341 sequitur
584 1262 679 1343 digna
700 1262 868 1343 applicatio
891 1260 1116 1331 similitudinis:
1165 1256 1169 1261 ¹

350 1362 383 1431 Si
405 1364 663 1428 conscientiarum
677 1362 779 1437 factor
795 1369 825 1425 et
841 1364 984 1442 cognitor
999 1370 1188 1433 secretorum

264 1446 448 1510 conditione
469 1446 528 1507 hac
549 1465 621 1507 usus
644 1452 707 1524 est,
729 1464 788 1505 nco
810 1446 942 1507 semelt
931 1454 981 1507 tan
985 1453 1058 1533 tum,
1080 1447 1140 1509 sod
1160 1458 1190 1515 et

266 1529 416 1606 secundo,
439 1536 471 1591 et
482 1549 579 1607 usque
592 1528 631 1589 a'd
644 1530 920 1608 contristationem,
943 1549 1005 1608 qua
1024 1549 1083 1603 nos
1098 1549 1188 1611 opor

267 1612 449 1673 tetsollicit
449 1612 542 1672 udine
572 1619 686 1672 tantam
715 1612 867 1673 ccclesiae
887 1612 1142 1709 praelationem
1134 1632 1188 1689 rm·

266 1715 386 1775 ponere
407 1696 559 1772 fratribus,
581 1714 709 1774 quorum
725 1697 931 1762 conscientias
949 1715 1013 1757 non
1028 1696 1189 1757 videmus?

296 1816 301 1820 -
348 1778 417 1841 Nec
437 1780 546 1847 mirum
570 1785 669 1857 certe,
692 1780 763 1857 quia
784 1779 909 1856 Petrus,
947 1779 1060 1841 Paulus
1083 1780 1188 1845 etalii
1297 1813 1303 1835 ι

265 1861 402 1941 apostoli
424 1881 487 1926 non
509 1869 599 1927 ,erunt
618 1869 679 1921 tam
703 1862 828 1923 solliciti
831 1869 947 1941 ,tanta
966 1862 1189 1939 sollicitudine,

266 1951 382 2024 quante
403 1953 569 2008 nuncsunt
588 1942 772 2026 Romani¹).
818 1908 951 2023 lleinde,
976 1946 1058 2024 quia
1072 1964 1188 2025 nugae

266 2028 638 2089 veruntforteconscient'
618 2035 676 2087 tres
688 2028 811 2090 illorum
814 2046 906 2107 ,quos
919 2028 1064 2089 sacerdot
1052 2034 1097 2089 tes
1112 2047 1185 2092 oon

263 2110 443 2191 stituehant
456 2131 514 2173 nec
527 2111 702 2190 exemplum
718 2110 830 2176 Christi
840 2110 875 2193 ³¹)
893 2110 972 2173 adeo
989 2118 1183 2175 curaverunt
1261 2124 1267 2127 “

263 2194 378 2259 Nonne
399 2194 462 2264 hoc
482 2202 531 2257 est
551 2214 585 2256 se
606 2196 706 2273 ipsum
728 2194 849 2256 ridere?
873 2194 934 2257 Sed
956 2195 1185 2273 nec2Christns,

265 2280 352 2343 cutus
364 2296 441 2341 oves
455 2278 691 2357 suntpropriac,
703 2278 776 2342 lieet
788 2297 843 2357 pro
857 2279 901 2339 eis
917 2278 1107 2356 retruderet,
1121 2298 1186 2342 noan

265 2369 371 2423 tamen
392 2360 449 2423 tuit
469 2367 530 2422 tem
555 2361 725 2438 sollicitus,
764 2370 796 2420 ιιι
826 2362 1029 2426 iuramentum
1052 2383 1071 2423 a
1094 2362 1185 2428 Petro

264 2446 417 2525 exigeret,
439 2444 493 2506 sed
508 2445 593 2505 velut
610 2445 778 2505 dormitans
793 2444 990 2507 dilectionem
1003 2453 1187 2520 tpntummo

264 2528 321 2605 do,
344 2547 409 2588 rem
433 2525 508 2588 san'e
530 2528 732 2606 levissimam,
762 2530 874 2608 exegit.
920 2527 1187 2608 Quandoquidem,

264 2612 325 2675 nisi
342 2612 549 2675 'iuramentum
562 2610 721 2687 Paschalis
744 2612 863 2672 caritati
875 2621 1094 2692 praeponeret,
1118 2613 1186 2672 sine

264 2694 358 2756 dubio
380 2693 525 2773 exemplo
539 2694 650 2754 Christi
671 2702 837 2756 contentus
854 2701 947 2773 esset,
967 2713 1027 2757 nec
1040 2715 1074 2755 se
1096 2715 1185 2773 opor·

264 2784 330 2840 tcrs
353 2777 451 2857 magis
475 2777 638 2841 sollicitum
666 2797 738 2843 esse
758 2785 951 2856 quereretur,
986 2797 1080 2856 quara.
1102 2777 1184 2844 Chri.—

264 2868 345 2925 stum
363 2860 479 2939 ipsum,
514 2862 636 2939 [quiet
661 2859 767 2932 ludam
791 2862 971 2940 praeposuit
999 2859 1107 2934 ovibus
1137 2880 1187 2939 pa·

264 2941 398 3017 scendis,
421 2962 510 3022 quem
533 2943 646 3004 malurn
661 2962 731 3004 esse
747 2945 843 3020 novit,
866 2950 958 3022 atque
980 2943 1011 3008 id
1027 2947 1094 3004 sine
1116 2940 1187 3007 cosn-

264 3026 413 3101 ditione].
458 3025 552 3088 Vides
575 3028 709 3106 enirn,u
711 3028 840 3107 turguit
861 3048 880 3088 a
901 3029 1023 3090 minori:
1048 3027 1187 3098 Christus

264 3111 386 3189 exegit,
410 3116 525 3187 quanto
548 3112 647 3190 tnagis
668 3129 737 3173 nos.
782 3109 876 3184 Quasi
895 3130 967 3170 vero
989 3109 1051 3172 hoc
1073 3109 1187 3188 aliquid

263 3192 303 3256 ad
326 3212 393 3255 rem
406 3194 579 3271 pertineat,
601 3193 683 3272 quod
701 3193 803 3254 Christ
792 3200 839 3256 tus
864 3195 1068 3257 conscientias
1091 3195 1200 3280 novit,

263 3277 427 3341 Romaiu
449 3276 589 3355 pontifex
611 3295 676 3340 non
697 3278 803 3357 novit,
834 3297 901 3338 cum
927 3275 1027 3340 Christ
1016 3285 1063 3339 tus
1087 3296 1188 3338 exem

264 3359 379 3439 plum
372 3379 404 3418 rn-
425 3358 485 3418 hoe
507 3359 649 3419 omnihus
671 3359 848 3438 praebuerit
867 3359 1058 3422 imitandum
1097 3361 1187 3427 Deul-

264 3462 325 3522 que
348 3448 380 3505 et
401 3460 458 3503 uos
480 3462 543 3502 non
567 3445 708 3505 novimus
731 3444 937 3504 conscientias
958 3443 1092 3505 Romani
1115 3464 1188 3524 pon·

264 3526 410 3604 filicis,
403 3532 482 3590 iuret
515 3545 589 3606 ergo
623 3533 654 3586 ct
690 3525 780 3586 nobis
815 3526 1041 3604 conditionem,
1078 3527 1188 3592 Christi

264 3611 394 3674 salutem
404 3608 459 3686 ²)

346 3691 458 3757 lterum
488 3711 619 3771 quaero:
653 3693 686 3756 si
718 3659 894 3836 ignorantia
928 3661 1210 3759 conscientiarum¹

264 3777 334 3839 sola
355 3781 404 3889 ‘est
425 3795 520 3840 causa
541 3777 713 3856 exigendi
705 3781 859 3841 ruminent
860 3777 886 3852 i,
921 3796 973 3839 cur
1005 3797 1066 3848 uon
1091 3779 1187 3857 cogis,

303 3984 331 4117 ιζ
345 3924 416 4110 thip1
427 3983 502 4110 add1
489 4056 514 4111 0
496 3985 661 4052 pontifices
660 3937 703 4050 2l
717 3983 798 4036 lueri
812 3985 904 4051 priore
921 3981 1064 4036 ιιιιιιιιιι.Ι
1072 3981 1183 4090 saltem.

369 4071 386 4110 o
407 4072 444 4108 an
588 4100 592 4104 .
693 4092 696 4100 .
935 4099 936 4106 ,
