3075 4775
353 519 367 523 ’
451 570 456 612 ·.
534 568 871 639 ...auruncus
1115 562 1176 633 ιιι

260 721 472 837 indulgentias.
513 755 566 819 flio
595 762 699 819 antem
718 758 861 839 intelligo
880 757 1087 839 indulgentias
1108 748 1194 818 esse'

260 839 493 918 satisfaotosias,
521 842 602 901 siout
649 858 709 921 apa
729 840 843 918 Sixtus,
866 840 1072 903 GlemensVI.
1095 858 1176 921 papa

262 922 423 984 modernus
441 922 601 988 oausam
643 968 651 999 ,
682 942 744 985 non
765 925 850 1004 quod
872 931 1058 986 oonseoutus
1079 922 1177 984 indul·

159 1018 160 1078 i
261 1008 379 1086 genuae
400 1006 591 1086 satisiaeiat,
623 1005 679 1067 sed
705 1008 915 1087 quianullum
935 1006 1053 1068 malum
1075 1012 1179 1067 manet

260 1090 440 1170 impunitam
457 1096 489 1149 et
509 1090 626 1151 nullum
638 1097 798 1170 peceatum
817 1098 922 1151 manet
939 1091 1067 1150 inultum
1083 1091 1178 1164 (Gan.
1290 1084 1297 1095 '

263 1173 337 1233 dont
358 1174 449 1251 primi
469 1172 536 1233 de'
530 1173 645 1252 poenit.
665 1172 738 1237 dist.
754 1178 782 1236 1
795 1184 814 1243 ι.
838 1175 895 1235 lta
904 1174 1043 1235 Vinarius
1064 1172 1176 1234 christi

259 1254 452 1351 dispensator
472 1256 538 1316 eius
560 1255 704 1333 thesauri,
726 1256 778 1318 ubi
798 1257 892 1318 homo
912 1275 971 1355 pro
991 1274 1094 1337 poena
1108 1274 1178 1336 pee-

260 1340 316 1399 oati
338 1357 404 1399 non
424 1337 527 1399 reddit
545 1339 796 1430 aequivalens,
787 1358 855 1420 ipse
884 1358 923 1400 ax
952 1339 1097 1401 thesauro
1120 1339 1177 1400 sihi

260 1422 426 1482 summisso
460 1415 568 1482 meit'o
596 1420 708 1483 Christi
736 1422 995 1485 suffioientissimo
1024 1421 1099 1483 illud
1131 1440 1178 1483 ro-

259 1510 461 1585 compensat,
482 1510 515 1565 et
534 1523 609 1601 pro·
614 1523 652 1565 eo
675 1506 832 1568 satisfacit
1165 1534 1167 1543 ·

339 1587 445 1662 Quia
471 1588 612 1648 eoneessi
638 1588 670 1648 in
699 1590 871 1669 prioribus,
903 1588 1112 1671 indulgentias
1140 1586 1179 1648 ds

159 1713 160 1732 ι
260 1689 292 1731 se
311 1690 377 1731 non
406 1670 510 1731 delere
538 1670 676 1751 uulpem,
709 1671 764 1732 sed
786 1690 941 1753 poenam,
970 1678 1001 1733 at
1015 1671 1111 1817 tquod
1141 1672 1181 1731 sit

260 1754 327 1813 telis
349 1754 492 1815 remissio
514 1772 681 1833 poenarum
702 1754 734 1815 in
754 1754 974 1841 indulgentiis,
995 1762 1028 1817 et
1048 1770 1111 1815 non
1133 1768 1179 1815 re

159 1867 160 1908 ι
261 1837 366 1897 missio
389 1836 540 1898 bonorum
561 1855 701 1917 operum,
722 1845 808 1918 patet
829 1856 884 1919 per
904 1830 986 1898 illud
1003 1836 1178 1915 Esaias¹):

261 1918 401 2000 Spiritus
404 1920 528 1981 Domini
548 1938 643 2001 super
663 1940 722 1999 me,
745 1940 783 1981 eo
808 1922 892 2003 quod
914 1922 1036 1981 unxerit
1057 1938 1116 1997 me,
1139 1919 1180 1980 ad

159 2051 160 2076 ,
260 2002 508 2064 ennnnoiandnm
520 2004 687 2063 mansuetis
708 2005 791 2065 misit
812 2022 871 2081 me,
892 2011 925 2063 ut
946 2002 1086 2065 mederer
1108 2020 1182 2063 oon·
1266 2080 1269 2087 Ι

159 2085 160 2138 i
260 2087 347 2163 hin's,
368 2104 410 2145 aa
427 2086 636 2182 praedicarem
648 2088 778 2165 eaptivis
799 2050 1030 2173 indulgentiam,
1053 2086 1178 2147 etelsu-

260 2169 1177 2334 uu„

159 2349 160 2352 ’
261 2334 311 2397 flio
332 2332 524 2416 Theophilus
550 2335 616 2414 ait,
636 2335 722 2396 utB
744 2336 880 2398 ‘ihomas
907 2342 1065 2398 renarrat.
1103 2352 1176 2398 nam

260 2420 344 2499 prins
365 2419 406 2479 ab
422 2419 530 2478 inieris
550 2419 673 2480 enimse
693 2421 831 2480 omnium
851 2420 1051 2497 tenebantur,
1078 2419 1190 2482 donau·

262 2503 356 2580 venit,
378 2502 431 2581 qui
451 2500 642 2582 praedicaret
662 2503 793 2583 eaptivis
813 2505 1035 2564 remissionem.

342 2583 463 2645 Deinde
484 2584 643 2645 oontsndit
661 2583 848 2647 reverendus
870 2587 976 2667 Pater,
996 2587 1105 2646 merita
1126 2592 1189 2646 au·'

159 2670 192 2750 {f
260 2668 323 2747 geri
343 2667 458 2728 salietis
479 2667 685 2749 indulgentiis
720 2667 790 2729 Iloo
811 2684 870 2750 ogo
893 2689 955 2730 non
976 2669 1080 2745 video,
1102 2685 1191 2747 quor
1254 2687 1261 2708 ι

261 2751 359 2829 niem,
380 2757 416 2810 ut
437 2750 515 2827 dixi,
542 2767 605 2812 non
626 2751 812 2813 redimentes
834 2753 885 2813 vel
906 2752 1113 2850 relinquentes
1133 2752 1180 2809 ins

261 2832 434 2914 dulgentias
455 2796 621 2912 aiidnando
641 2833 731 2895 istam
753 2836 915 2915 peonniam
937 2837 968 2895 in
991 2835 1080 2896 bonis
1102 2849 1191 2893 oon--¹

262 2917 366 2976 viriis
370 2917 480 2978 volunt
498 2935 689 2996 consumere,
711 2937 772 2978 non
784 2919 893 2979 merita
909 2933 1033 2998 augere.
1054 2917 1176 2990 Fateor,

261 2998 344 3096 quod
365 2998 533 3080 aliquando
546 3005 655 3080 posset
675 3002 743 3098 quis
762 3001 866 3062 faeere
889 3003 985 3062 maius
1013 3013 1091 3080 opus
1114 3015 1191 3058 rna-¹

261 3081 397 3144 ritoriusn
425 3100 495 3142 enm
521 3082 575 3143 illa
594 3085 744 3163 penunia,
772 3101 864 3164 quam
894 3086 920 3144 si
949 3083 1142 3144 redimeret
1132 3098 1177 3142 ιιι-
1278 3077 1296 3104 ”

261 3164 444 3246 dulgentias,
466 3183 555 3225 easus
578 3184 641 3228 non
664 3173 788 3248 oportet
808 3146 1000 3248 speoivooari
1012 3164 1059 3248 Ι).·

341 3248 388 3308 De
408 3248 548 3309 iubilaeis
569 3248 730 3311 salebratis
751 3267 815 3311 non
836 3251 902 3310 vult
922 3249 1101 3328 admittere,
1116 3253 1189 3308 ιιι

159 3378 160 3385 1
261 3333 393 3393 oessisse
419 3347 605 3393 eonsensum
626 3329 777 3414 fidelium,
810 3341 842 3394 et
862 3339 1006 3431 snspeota
1027 3293 1178 3392 Boniiaoii

159 3434 160 3447 ¹
256 3414 338 3475 VIII.
365 3415 430 3475 ιιιιι
456 3421 560 3496 potest
580 3423 755 3496 suspectum
784 3416 885 3477 faeere
907 3417 972 3476 eius
994 3415 1177 3476 iubilaeum.

262 3497 354 3575 ilion,
383 3498 459 3559 satis
481 3515 625 3579 magnum
647 3517 717 3560 esse
737 3499 844 3579 populi
867 3515 1088 3575 eonsensum,
1084 3496 1178 3576 quod

262 3599 299 3640 ex
326 3585 394 3641 toto
417 3580 593 3642 Christiano
615 3581 725 3642 orbe
716 3603 748 3642 ιιι
775 3581 909 3643 iubilaeo
938 3579 1049 3652 Christi
1070 3579 1178 3641 fideles
1214 3592 1249 3610 '¹

159 3728 160 3731 ,
262 3662 433 3742 nonflnunt,
463 3662 619 3742 quomodo
641 3665 718 3726 alias
745 3683 930 3727 eonsensum
952 3663 1089 3757 fidelium
1110 3681 1178 3745 pro

159 3792 160 3835 3
263 3744 335 3823 ιιιιι
348 3709 457 3829 possit,
479 3764 542 3807 non
563 3746 665 3811 video.

296 4002 328 4069 1)
348 4001 430 4070 Apud
450 4003 583 4086 Loesohs
599 4006 760 4072 specificati.

299 4091 331 4158 ⁸)
352 4091 426 4145 Beni.
445 4091 490 4147 61.
