3075 4775
525 537 553 585 et
570 532 752 586 &mento
774 531 967 585 enobsristiue.
1135 525 1197 594 431

277 718 628 799 obiioiuutur,.rsfutsro
644 721 809 800 possimus.
838 717 993 781 Habemus
1009 713 1096 798 ergo,
1118 717 1200 797 quod

280 802 526 883 respondeamus
546 802 618 882 illis,
641 804 693 882 qui
715 804 826 863 nolunt
846 802 937 865 nobis
960 800 1133 864 oouoedere
1154 803 1200 862 ius

262 887 437 964 „monadi
456 905 562 946 sueres
584 887 703 961 literas,
725 906 852 967 nempe,
875 885 958 966 quod
980 905 1048 946 oum
1072 905 1091 946 u
1111 883 1202 946 nobis

194 1012 228 1056 Ι,
278 970 390 1031 eodem
417 971 588 1050 requiratur
613 968 707 1047 fides,
739 989 818 1050 quoe
839 970 878 1031 ab
900 969 971 1048 iilis,
994 969 1201 1029 neoemerium

278 1053 385 1131 nobis,
414 1051 496 1113 idem
527 1053 651 1114 verbum
675 1072 712 1112 ao
733 1072 839 1132 parem
860 1051 999 1114 eiusdem
1022 1051 1107 1113 verbi
1130 1069 1201 1132 oog·

277 1137 427 1198 uitiorum
450 1155 528 1199 esse.
597 1163 601 1174 =

364 1219 443 1280 Gom
465 1221 557 1300 igitur
577 1218 661 1280 diost
682 1219 889 1300 evangeliste:
912 1219 997 1280 lesus
1013 1219 1135 1298 oooepit
1152 1236 1200 1278 es·

279 1304 388 1381 boum,
417 1310 450 1364 et
477 1303 563 1363 dedit
590 1301 762 1382 discipulis,
792 1301 914 1363 dioens:
944 1301 1045 1362 Bibits
1074 1319 1113 1360 ex
1140 1301 1201 1362 hoo

279 1406 407 1465 omues,
434 1387 485 1446 bio
505 1387 587 1446 oolix
608 1404 723 1446 nouum
746 1391 963 1447 testamentum
987 1392 1048 1463 est,
1076 1386 1107 1444 in
1129 1403 1199 1444 meo

279 1471 447 1550 sanguiue,
468 1470 520 1548 qui
543 1488 599 1548 pro
621 1468 710 1530 vobis
732 1469 897 1530 effunditur
918 1477 985 1547 eto,
1007 1468 1114 1528 vident
1134 1468 1201 1527 sine

280 1553 376 1614 dubio
407 1571 531 1631 omnes,
561 1571 712 1631 quseuum
741 1554 850 1614 horum
879 1551 1043 1614 verborum
1072 1554 1113 1610 sit
1133 1569 1201 1610 seu·

280 1638 392 1698 tentis:
422 1637 580 1715 Aooipite,
603 1636 697 1697 bibito
718 1644 777 1696 eto.
820 1637 859 1696 Ni
881 1654 954 1716 ergo
979 1634 1111 1715 probent
1132 1650 1201 1694 osse

279 1720 372 1780 olium
406 1720 561 1798 quandam
596 1717 853 1799 signifiostionem
887 1718 972 1780 verbi
1005 1717 1110 1779 bibere
1131 1725 1201 1794 eto,

279 1822 339 1864 uos
359 1810 496 1862 nostrum
518 1804 702 1863 sententium
724 1802 933 1881 retinebimus,
955 1801 1036 1880 quod
1060 1799 1201 1861 omnibus

278 1896 320 1946 ex
348 1886 444 1946 eolice
470 1885 524 1945 iilo
546 1889 586 1945 sit
608 1885 790 1964 bibendum,
813 1904 914 1965 neque
935 1885 985 1944 vel
1007 1882 1201 1945 eonsuetudi-

279 1988 362 2047 uem,
384 1969 434 2029 vel
453 1969 651 2030 consiliorum
674 1967 798 2030 deoreto
821 1972 983 2048 quicquum
1007 1966 1201 2028 morabimur.

279 2053 364 2113 Deus
387 2053 468 2112 enim
491 2054 722 2130 vetustior-est,
744 2071 837 2131 quom
859 2052 923 2112 ulls
945 2047 1148 2128 cousuetudo,
1171 2055 1204 2110 et
1310 2115 1312 2120 ,

280 2136 434 2197 euboritus
455 2136 512 2196 Dei
535 2136 639 2196 omnio
661 2138 755 2196 vineit
776 2136 916 2198 oonoilis.

364 2219 459 2279 Pione
490 2237 617 2300 quoque
643 2226 714 2279 suut
741 2219 796 2280 ills
823 2218 933 2281 verbo:
962 2218 1031 2279 Hos
1058 2219 1150 2278 fooite
1170 2218 1201 2276 in

281 2305 341 2364 mei
364 2302 699 2364 oommomorutiouem.
736 2304 793 2363 Dio
810 2321 937 2384 quaeso,
959 2301 1141 2382 quibusnam
1164 2303 1204 2360 sit

280 2387 428 2447 mundato
455 2389 708 2448 oommemoretio
732 2388 877 2448 Domini?
910 2406 981 2446 uum
1004 2387 1079 2447 solis
1101 2402 1204 2445 souer-

281 2470 427 2532 dotibus?
461 2470 522 2530 Gur
551 2489 612 2531 uon
642 2472 744 2549 potius
773 2470 914 2531 omnibus
935 2470 989 2547 iis,
1018 2470 1069 2548 qui
1091 2468 1204 2528 Christi

281 2572 398 2615 nomen
419 2552 619 2633 profitentur?
648 2552 728 2627 Quid
751 2554 831 2613 enim
855 2560 903 2613 ost
924 2551 1007 2613 uliud
1028 2552 1205 2611 meminisse

282 2639 429 2715 Domini,
459 2657 550 2715 quum
573 2636 752 2716 praedicare
773 2654 842 2696 eum
863 2641 897 2696 et
918 2634 1080 2695 oonfitsri?
1119 2634 1205 2695 Haeo

282 2740 352 2782 oum
383 2740 492 2781 omues
519 2720 703 2798 debeamus,
736 2725 867 2800 apparet
893 2737 1016 2797 quoque
1045 2725 1204 2795 utromque

282 2805 420 2885 speeiem
454 2804 596 2866 omuibus
632 2822 702 2864 esse
733 2818 931 2881 conoessum,
964 2810 997 2860 ut
1029 2809 1058 2861 et
1091 2818 1204 2880 punem

283 2889 395 2965 munt,
416 2895 447 2947 et
469 2886 575 2948 bibunt
596 2888 734 2962 ooiioem,
757 2888 823 2947 sive
844 2884 906 2945 sirit
927 2882 1117 2961 secerdotes,
1139 2884 1204 2944 sive

282 2991 347 3032 uon
369 2973 438 3034 sint.

367 3054 481 3134 Impius
496 3054 594 3113 stille
608 3060 787 3133 praetextus
808 3059 864 3131 est,
887 3051 970 3132 quod
992 3051 1097 3111 dieunt
1118 3050 1205 3110 nodos

284 3158 365 3216 osse,
388 3156 482 3198 nosse
493 3136 604 3197 Loioos
617 3136 711 3197 verbs
722 3138 899 3197 testamenti
912 3136 1033 3196 Christi.
1064 3135 1096 3195 Si
1118 3132 1205 3194 ueios

283 3230 334 3283 est
362 3241 400 3281 es
430 3219 525 3281 verbo
544 3220 654 3281 Luioos
677 3229 798 3298 tenere,
826 3220 937 3280 frustra
957 3220 1049 3299 igitur
1069 3218 1128 3297 ipsi
1150 3236 1205 3278 eos

283 3306 414 3383 dooent,
436 3323 508 3363 nom
532 3303 629 3383 quod,
653 3322 785 3385 quasso,
809 3303 891 3364 uliud
912 3305 1047 3383 ipsomm
1070 3300 1204 3362 odioiunr

286 3397 459 3477 est,qusm
481 3396 515 3448 ut
535 3387 628 3447 rudes
648 3388 719 3447 iilos
737 3386 863 3447 verbum
879 3388 937 3447 Dei
950 3385 1103 3445 dooeontt
1131 3385 1205 3447 Ideo

286 3474 370 3534 euim
393 3479 535 3552 pastores
557 3480 630 3531 suut
650 3471 817 3548 oonstituti,
840 3477 874 3530 ut
894 3470 972 3531 ulios
993 3469 1155 3530 instituunt
1174 3471 1206 3529 iu

284 3556 382 3617 verbo
410 3563 441 3615 et
468 3555 609 3617 dooosnt.
653 3555 708 3613 His
730 3555 823 3633 igitur
844 3554 934 3633 nugis
957 3554 1056 3633 magis
1079 3572 1113 3613 se
1133 3572 1204 3633 ops·

283 3643 376 3718 riunt,
399 3641 506 3718 quoles
524 3640 594 3715 sint,
617 3657 708 3717 quam
732 3646 765 3697 ut
786 3644 922 3697 nostrum
944 3639 1128 3697 seutentiam
1152 3654 1205 3715 op·

284 3730 433 3805 pugnent
474 3723 565 3784 Adeo
598 3721 793 3803 impudenter
825 3738 859 3781 se
889 3722 1010 3781 veritati
1045 3726 1206 3801 opponunt

283 3809 370 3887 impii
390 3808 542 3868 homines.

369 3890 465 3951 Vides
492 3892 553 3951 ium
581 3886 819 3969 aliquomodo,
848 3888 1004 3967 quomodo
1025 3882 1206 3965 aooipieuds

285 3983 318 4036 et
338 3974 465 4035 firmiter
486 3972 647 4034 retinendo
669 3973 730 4031 sint
751 3972 805 4031 ills
826 3970 939 4051 verbo,
968 3971 1077 4051 quibus
1105 3986 1205 4028 soors·

285 4066 423 4120 mentum
445 4058 507 4120 boo
527 4078 547 4118 u
561 4057 684 4119 Christo
708 4062 756 4115 est
777 4056 957 4137 institutum,
979 4055 1101 4132 nempe,
1123 4049 1206 4131 quod
