3075 4775
338 547 402 614 464
612 549 658 606 Vl.
676 548 783 605 Gauda
802 550 953 617 Quomodo
971 553 1013 604 sit.

340 732 479 794 Christis
508 736 711 798 vastationem
735 735 926 798 Hierusalem
949 735 1095 798 describit
1115 736 1188 796 Luc.
1214 739 1263 809 16,

340 816 424 896 quad
457 816 565 878 hostes
598 837 668 878 eam
697 818 931 881 circumdabunt
962 818 1061 890 vella,
1096 825 1130 884 ut
1155 819 1263 880 nullibi

339 901 441 962 exitas
462 909 585 980 pateat,
608 921 646 962 ea
667 909 716 962 est
736 921 830 964 mars.
873 901 1034 978 Secunda,
1072 902 1154 982 quod
1176 903 1263 962 undi-

339 1002 400 1062 que
420 985 670 1063 coangustabunt
689 1005 759 1046 eam
782 993 814 1045 et
834 995 991 1064 prement,
1024 988 1068 1046 ita
1091 993 1124 1046 ut
1145 985 1263 1046 nullum

339 1084 468 1146 usquam
481 1074 631 1148 appareat
648 1069 806 1144 auxilium,
829 1068 931 1146 idest,
952 1077 1124 1147 peccatum.
1146 1068 1264 1147 Tertio,

339 1149 424 1229 quad
450 1169 519 1210 eam
548 1150 617 1212 salo
640 1153 832 1230 aequabunt,
867 1163 898 1212 ut
925 1171 989 1214 nan
1010 1153 1199 1233 relinquatur
1221 1154 1264 1212 lc-

340 1235 389 1313 pis
410 1253 503 1313 super
522 1233 674 1314 lapidem:
703 1236 729 1294 is
758 1243 807 1296 est
836 1235 971 1296 infernus
1000 1244 1031 1296 et
1052 1245 1190 1297 exuema
1212 1235 1264 1296 de·

340 1316 485 1378 ceratia.

356 1336 377 1397 p
421 1399 545 1460 Inferna
574 1409 677 1460 auteur
712 1409 774 1460 turn
804 1401 977 1467 tentabatur
1006 1401 1159 1478 Christus,
1193 1419 1263 1462 curu

340 1481 477 1544 dicerent
490 1481 610 1544 ludaei:
634 1487 666 1544 ln
682 1483 781 1544 Deum
803 1491 916 1563 sperat,
938 1483 1108 1563 videamus,
1130 1504 1169 1544 an
1192 1505 1263 1546 saur

339 1567 379 1626 sit
400 1565 589 1627 liberaturus.
636 1567 717 1626 Diali
742 1586 778 1626 se
807 1586 876 1628 esse
902 1565 998 1627 filium
1022 1567 1087 1628 Dei.
1131 1567 1264 1628 Perinde

339 1657 432 1729 atque
453 1650 480 1708 si
501 1651 547 1708 sia
558 1649 710 1711 dicerent:
735 1650 853 1730 Dignus
874 1659 920 1710 est
934 1650 1065 1726 inferna,
1086 1651 1170 1712 Deus
1192 1671 1262 1712 aum

339 1751 404 1794 non
434 1730 689 1811 praedestinavit,
723 1733 836 1795 abiecit
870 1753 957 1808 eum,
985 1733 1061 1793 nihil
1088 1735 1117 1794 ei
1149 1734 1265 1814 podest

339 1814 434 1893 lldes,
461 1833 551 1894 quem
575 1815 684 1894 hebet,
716 1816 792 1876 nihil
815 1835 903 1896 spes,
934 1836 1025 1897 quam
1049 1837 1153 1878 secum
1176 1818 1264 1878 favet

339 1900 465 1976 irritam,
487 1900 592 1960 omnia
613 1907 686 1960 sunt
704 1899 824 1962 frustra.

422 1982 535 2057 Parra,
567 1983 825 2061 quemadmodum
848 1983 1003 2044 Christum
1025 1983 1066 2043 ed
1087 1984 1145 2044 hos
1169 1983 1269 2043 insula

285 2112 291 2118 .
339 2073 388 2126 tus
409 2064 546 2126 &tanae
566 2073 670 2126 tacere
691 2065 846 2142 videmus,
880 2068 921 2126 ita
944 2085 1002 2126 nas
1024 2084 1147 2146 quaque
1168 2065 1263 2127 lacia-

340 2167 417 2226 mus,
438 2167 503 2208 nan
525 2148 707 2210 colluctetur
728 2169 798 2208 oum
820 2150 867 2210 his
889 2147 1048 2229 hostibus,
1072 2149 1201 2230 negligit
1232 2159 1264 2210 et

338 2232 511 2292 contemnit
537 2249 607 2310 eas,
643 2231 772 2311 perinde
798 2239 891 2311 atque
921 2233 946 2292 si
974 2251 1029 2292 eos
1059 2251 1118 2294 nec
1144 2232 1265 2293 videret

340 2332 441 2393 nsque
461 2311 589 2376 audiret.
627 2314 667 2374 Et
687 2335 765 2376 sane
785 2315 856 2395 quid
878 2315 1045 2396 profuisset
1066 2317 1263 2396 quantumvis

340 2400 419 2459 acris
441 2398 635 2477 colluctatio,
668 2401 765 2480 magis
796 2418 851 2461 eas
879 2401 1046 2477 irritasset,
1079 2418 1117 2461 aa
1137 2402 1263 2480 gravius

339 2482 373 2541 in
393 2500 429 2541 ae
449 2479 671 2543 acmmdvisset
690 2502 755 2546 sos.
802 2482 870 2543 Hoc
893 2483 988 2544 multa
1012 2484 1181 2545 consultius
1204 2492 1263 2562 est,

340 2565 423 2644 quad
445 2565 477 2625 in
499 2566 690 2627 voluntatem
712 2567 809 2627 Patria
835 2568 882 2627 sui
904 2568 1046 2646 respicit,
1075 2566 1157 2647 quad
1182 2586 1263 2634 man

341 2656 413 2726 term
435 2657 565 2728 peccata
586 2668 657 2727 sua,
689 2668 727 2709 aa
746 2650 898 2711 infernum
921 2668 1046 2729 prorsus
1064 2650 1208 2731 negligit,
1231 2661 1264 2711 et

340 2732 584 2812 crucifigentium
606 2752 655 2811 se,
692 2736 756 2795 ima
789 2734 923 2793 amnium
952 2743 1089 2795 nostrum
1122 2742 1263 2814 martem,

341 2825 479 2896 peccata,
500 2823 533 2877 et
553 2816 704 2877 infernum
726 2815 917 2896 deprecatur.

423 2898 480 2959 Est
514 2908 618 2961 autem
652 2900 742 2961 nobis
774 2900 834 2961 hoa
863 2900 975 2961 Obristi
1011 2899 1185 2980 exemplum
1212 2900 1263 2961 cd

340 2983 542 3043 imitationem
576 2984 790 3063 propositum,
821 2993 853 3044 ut
886 2983 962 3043 nihil
996 3002 1175 3044 moveantur
1207 2983 1262 3043 illa

342 3066 465 3145 mortis,
497 3066 618 3145 peccati
639 3073 670 3127 et
690 3067 801 3128 inferni
823 3066 916 3144 facie,
944 3065 999 3127 ssd
1021 3065 1131 3127 saltem
1153 3067 1183 3126 in
1203 3067 1261 3126 Dei

342 3149 533 3211 voluntatem
561 3150 770 3229 respiciamus.
813 3149 861 3209 Ea
888 3151 968 3209 enirn
997 3157 1044 3211 est
1072 3149 1200 3211 haerere
1229 3150 1261 3210 iu

342 3232 481 3312 Christo,
515 3239 547 3293 et
572 3239 751 3293 constanter
777 3232 920 3311 credere,
953 3239 1090 3295 nostram
1120 3239 1262 3311 martem,

341 3323 470 3395 peecata
498 3324 530 3377 et
556 3317 707 3377 internum
738 3336 792 3395 per
813 3318 912 3397 ipsum
935 3315 1070 3393 devicta,
1102 3316 1178 3377 nibil
1199 3334 1262 3377 am·

341 3397 421 3478 plius
443 3399 532 3462 nobis
554 3418 668 3460 nocere
690 3418 790 3479 passe.
835 3399 885 3461 Ad
913 3400 994 3461 hunc
1016 3399 1140 3461 madum
1163 3399 1262 3461 solius

342 3480 455 3543 Christi
486 3485 590 3564 imago
617 3484 731 3544 nostris
762 3484 913 3544 mentibus
945 3484 1095 3562 impresse
1119 3502 1188 3543 esse
1210 3482 1263 3543 de-

343 3565 410 3644 bet,
436 3585 506 3627 eam
528 3568 685 3627 obversari
709 3585 836 3646 semper
862 3568 955 3627 enimi
985 3566 1083 3628 aculis
1105 3568 1263 3644 convenit,

342 3656 376 3709 ut
398 3668 466 3709 oum
487 3650 541 3710 illa
564 3651 633 3711 solc
656 3650 848 3730 disputemus
871 3657 902 3710 et
924 3669 1062 3729 agamus,
1083 3648 1137 3711 illa
1159 3658 1262 3709 autam

342 3732 477 3795 Satanae
514 3751 595 3793 vana
622 3735 870 3795 terriculamenta
907 3732 995 3794 firme
1031 3731 1093 3793 fide
1126 3740 1264 3795 cantem-

341 3841 461 3883 murus.

425 3904 541 3980 Quinta
563 3904 699 3982 decima,
720 3904 782 3963 iam
807 3901 972 3963 cammada
993 3898 1129 3961 redimus
1152 3900 1192 3961 ad
1214 3919 1265 3961 sa-

342 3994 515 4067 cramenta,
538 3994 570 4047 et
590 3986 630 4045 ed
652 4006 758 4048 aarum
781 3986 859 4068 vim,
883 4003 975 4065 quam
996 3981 1127 4061 babent,
1150 3990 1183 4043 ut
1204 3984 1264 4044 dis·

343 4088 465 4151 mnus,
487 4072 554 4150 quis
576 4089 683 4132 aarum
704 4072 853 4150 sitacus,
875 4065 1000 4148 etquid
1022 4067 1142 4147 prosint
1163 4066 1263 4130 nobis.
