3075 4775
518 564 590 621 Xlll.
609 565 644 619 da
662 534 800 635 potestate
819 568 917 635 Papae.
995 521 1042 583 ’ί
1102 562 1163 632 325

241 750 456 814 effiaanissime
478 761 510 814 st
530 746 753 816 violentissime
774 754 804 814 id
827 754 960 815 iaciant?
982 757 1060 816 siout
1083 756 1164 819 vide-

241 855 308 894 mus
331 837 363 895 in
386 837 562 915 praedietis,
585 844 615 897 et
637 857 718 898 nune
740 856 815 899 eoae
837 839 967 918 amplius
991 839 1163 902 videamus.

325 918 459 993 Quartus
481 921 650 980 Anaaletus
671 921 762 985 21.¹›
789 937 813 983 a.
838 921 871 981 ln
895 940 987 999 novo,
1010 923 1043 982 ln
1069 942 1164 1002 novo,

239 1003 350 1080 inquit,
372 1002 574 1063 Testamento
596 1004 835 1084 postilhristum
853 1005 1016 1064 Dominum
1040 1007 1163 1067 ePetro

240 1084 442 1145 saoerdotelis
466 1088 570 1167 eoepit
591 1088 677 1150 ordo.
707 1085 802 1162 ¹Quia
830 1089 890 1167 ipsi
921 1088 1019 1167 primo
1043 1088 1163 1168 pontifi·

241 1174 328 1228 natus
350 1169 384 1227 in
406 1170 661 1231 eoelesiaOhristi
685 1170 773 1230 datus
796 1178 852 1248 est,
875 1171 1008 1231 Domino
1023 1170 1161 1236 dicente:

241 1251 287 1311 Tu
312 1268 347 1311 es
370 1251 476 1312 Petrus
499 1260 557 1313 eto.

325 1333 412 1394 Haeo
434 1336 459 1394 si
473 1336 627 1418 intelligit,
649 1336 733 1417 qnod
749 1336 951 1397 saeerdotalis
967 1335 1043 1397 ordo
1058 1338 1165 1416 eoepit

242 1416 377 1477 aPetrn
399 1418 430 1477 in
454 1419 586 1479 ecelesia
608 1420 718 1498 latina,
741 1426 846 1499 potest
867 1427 1023 1499 uteunque
1045 1426 1162 1479 susten·

241 1500 310 1580 tari,
332 1500 593 1579 quemadmodum
615 1510 646 1563 et
667 1503 701 1564 B.
723 1502 895 1583 Cyprianus
918 1503 1050 1582 epistola
1073 1505 1163 1563 tertia

242 1582 350 1643 sedern
371 1583 452 1644 Petri
474 1586 684 1666 principalem,
705 1594 737 1645 et
758 1586 840 1647 unde
863 1586 1062 1647 sacerdotalis
1086 1585 1180 1669 ordo

243 1666 391 1746 eoeperit,
408 1668 554 1748 appellat,
576 1677 629 1729 aut
642 1672 687 1728 sie
698 1671 811 1749 eoepit,
834 1669 915 1749 quod
927 1670 1035 1729 Petrus
1049 1670 1164 1749 primus

241 1751 323 1809 inter
338 1752 485 1829 aequales
508 1752 668 1832 apostolos
690 1752 789 1815 fuerit.
834 1753 865 1814 Si
887 1760 988 1813 autem
1011 1753 1164 1835 intelligit,
1200 1811 1213 1837 ‚

244 1832 326 1911 qnod
348 1853 369 1893 a
390 1834 532 1895 Romana
548 1835 622 1898 sede
638 1838 739 1896 omnis
752 1835 830 1897 ordo
844 1835 1044 1895 saeerdotalis
1065 1836 1164 1915 primo

244 1922 275 1975 et
295 1916 397 1976 solum
421 1920 533 1996 veniat,
557 1938 595 1978 ex
617 1918 707 1979 dietis
731 1921 804 1979 satis
828 1925 922 1999 patei,
945 1936 1036 1999 quam
1059 1920 1099 1977 sit
1121 1938 1164 1977 er·
1261 1922 1264 1929 '

243 2017 382 2059 roneum.
427 1998 494 2060 Neo
514 2002 575 2061 hoo
596 2009 670 2061 tune
692 2002 834 2062 Anaoleti
857 2008 903 2062 est
920 2000 1087 2080 decretum,
1110 2000 1164 2061 sed

243 2082 307 2142 fleti
328 2082 459 2143 alieuius
480 2084 622 2145 Anaaleti
643 2086 742 2165 palea.

326 2165 459 2240 Quintus
482 2167 623 2247 Pelagius
646 2168 754 2228 eadem
779 2168 859 2228 disti.
882 2170 936 2231 21:
969 2166 1083 2227 Sancta
1106 2166 1163 2227 Ro·
1269 2165 1271 2168 ’

243 2268 335 2308 mana
358 2250 489 2309 aeclesia
528 2252 679 2312 catholiea
708 2260 739 2311 et
760 2250 933 2334 apostoliea
959 2248 1057 2332 (forte
1082 2249 1164 2329 quod

243 2338 373 2409 ceteras,
395 2352 455 2394 neo
477 2345 609 2414 sanetae,
631 2354 691 2396 nea
712 2334 882 2396 eutholioas
906 2332 1045 2417 reputat)
1070 2333 1163 2393 nullis

244 2415 403 2496 synodicis
424 2419 599 2478 constitutis
629 2421 739 2478 eeteris
774 2417 912 2478 ecelesiis
943 2418 1082 2496 praelata
1110 2423 1165 2493 est,

244 2499 298 2559 ead
321 2501 504 2580 evangeliea
513 2521 591 2562 veae
604 2503 726 2562 Domini
748 2507 780 2561 at
795 2501 964 2562 Salvatoris
988 2502 1084 2560 nostri
1107 2499 1165 2580 pri-

244 2589 360 2642 matum
386 2583 531 2662 obtinuit,
554 2584 599 2644 'Pu
622 2604 666 2661 es,
689 2587 797 2664 inquit,
820 2585 937 2644 Petrus.

327 2665 387 2724 Hie
409 2669 506 2747 magis
529 2671 661 2747 erumpit
682 2675 714 2727 et
725 2667 828 2744 audet,
851 2687 912 2727 non
929 2673 1044 2726 tantum
1059 2673 1165 2725 eontra

244 2748 405 2828 praediola
426 2749 495 2809 dist.
520 2753 569 2814 99.
584 2751 718 2810 adducta
735 2751 868 2827 decreta,
891 2750 946 2810 sed
969 2750 1060 2809 etiarn
1084 2747 1166 2826 quod
1225 2769 1229 2782 ¹

243 2831 372 2892 verbum
395 2832 504 2893 Christi
532 2833 571 2894 ad
594 2835 713 2894 Petrum
751 2835 877 2894 omniuo
901 2839 1023 2910 torquet
1045 2831 1083 2890 de
1105 2829 1167 2889 fide

245 2914 283 2974 ad
306 2922 493 2995 potestatem
520 2917 738 2978 iurisdictionis
777 2925 809 2978 et
841 2935 984 2996 pompam
1008 2916 1166 2993 primatus.
1271 2929 1276 2942 ⁴

245 2998 368 3058 Deinde
390 2999 490 3058 solam
513 3001 594 3060 Petri
618 3021 783 3080 personam
807 3001 837 3059 in
861 2999 962 3059 verbis
986 2997 1095 3058 Christi
1119 3015 1166 3055 aa·

160 3125 165 3132 .
245 3083 335 3160 eipit,
358 3083 474 3142 reieota
495 3103 629 3163 persona
653 3084 819 3155 eeclesias,
854 3101 943 3160 quam
967 3099 1041 3153 vere
1061 3081 1167 3139 Petrus

246 3172 318 3228 tuna
339 3166 445 3246 gessit.
490 3167 572 3248 Ergo
596 3187 678 3227 nova
695 3168 910 3248 grammatioa:
933 3165 978 3224 Tu
1002 3183 1034 3224 es
1051 3164 1167 3235 Petrus,

244 3248 411 3329 signifieat,
445 3256 477 3308 tu
499 3269 532 3309 es
553 3253 678 3329 primus,
702 3259 746 3310 et:
781 3249 848 3311 Tibi
872 3248 952 3309 daho
976 3247 1102 3323 claves,
1135 3245 1165 3304 id

246 3341 310 3410 est,
333 3331 393 3390 soli
415 3332 576 3393 Romanae
599 3334 773 3410 eoelesiae,
797 3334 906 3393 deteris
930 3331 1070 3391 eeclesiis
1092 3328 1168 3388 nihil

244 3415 440 3477 habentibus.
485 3415 545 3476 Sed
569 3419 653 3498 piget
675 3437 724 3477 me
746 3419 851 3476 omnia
873 3431 1126 3475 commemorare.

328 3498 362 3557 ln
386 3517 521 3577 summa,
544 3509 577 3559 ut
599 3501 680 3576 dixi,
703 3501 728 3559 si
750 3500 800 3560 his
822 3498 923 3559 verbis
946 3497 1085 3556 Christus
1109 3495 1168 3556 Ro·

245 3600 370 3641 manam
394 3580 557 3641 ecelesiam
576 3583 768 3664 significavit,
792 3601 860 3642 oum
874 3583 1016 3642 Romana
1038 3579 1176 3640 eeclesia

245 3666 298 3724 vix
318 3666 468 3725 vieesimo
491 3684 573 3726 anno
596 3667 747 3726 ecelesiae
765 3667 937 3745 primitivae
959 3670 1032 3723 nata
1054 3665 1101 3742 sit,
1124 3682 1169 3722 se·

246 3747 366 3828 quitur,
390 3748 473 3826 quod
495 3751 563 3828 ipsa
585 3751 740 3830 primitiva
761 3769 822 3810 non
844 3748 934 3808 lrrerit
957 3747 1105 3820 ecelesia,
1139 3752 1170 3805 et.

245 3832 396 3911 deinceps
418 3849 536 3912 omnes,
559 3853 638 3912 quae
650 3830 682 3916 ²)
701 3833 806 3892 slaves
829 3848 868 3892 ex
884 3831 1026 3891 Romana
1038 3829 1170 3890 ecelesia

281 4021 314 4088 1)
335 4021 366 4074 ln
399 4019 522 4076 adden.
551 4025 583 4075 ‘et
602 4021 675 4074 Witt.
707 4019 849 4073 additumt¹
878 4017 939 4072 dist.
977 4019 1008 4083 2)
1030 4019 1060 4070 In
1095 4013 1162 4067 edit.

242 4095 354 4162 priore:
375 4096 432 4162 qni.
