3075 4775
530 538 601 594 xul.
621 539 656 593 de
674 545 811 608 potestate
829 538 931 610 Papae.
1095 520 1099 550 ³
1122 536 1185 605 329

258 722 433 787 sedeciae?
454 725 526 788 Non
538 734 610 787 sunt
621 728 808 807 ipseeetiam
818 728 991 790 eudesius?
1005 728 1037 791 si
1052 736 1123 790 sunt
1135 748 1182 790 se·

258 804 354 867 elesia
368 806 492 888 Christi,
512 830 567 871 our
576 817 608 871 tu
622 812 787 891 impiisimo
800 830 854 872 ore
865 814 982 873 resistis
995 812 1115 874 Christo
1138 812 1183 873 di-

259 891 356 951 oenti:
379 891 478 971 Super
488 894 570 953 hano
581 900 699 973 petram
711 893 884 960 aedifioabo
898 897 1059 957 eeclesiam
1072 915 1182 957 meam.

259 970 339 1046 Quid
347 975 504 1055 signifieat
515 976 679 1037 eoelesiam
690 996 791 1037 meam
804 980 817 1038 ‘l
830 977 900 1038 Non
914 988 962 1039 eet
975 981 1033 1039 nisi
1051 1000 1112 1039 una
1124 980 1183 1040 Ro-

261 1075 352 1117 mana
383 1058 517 1119 eoelesia
549 1079 605 1119 sua
633 1060 793 1126 eeclesia?
830 1061 860 1121 si
892 1068 993 1121 sutem
1028 1062 1184 1141 quaelibet
1222 1064 1224 1068 ’

260 1139 322 1199 alia
344 1142 437 1202 etiem
462 1142 595 1202 eoelssia
617 1143 730 1205 Christi
752 1151 816 1219 est,
839 1152 870 1204 et
890 1143 1184 1215 Christusaffirmat

260 1241 328 1283 eam
355 1224 579 1285 asdifioandam
601 1246 693 1305 supra
714 1232 831 1304 petram
869 1226 956 1302 fidei,
992 1230 1086 1307 impio
1120 1229 1181 1287 iam

262 1326 367 1367 errore
389 1303 508 1385 dieitur,
530 1308 570 1368 ad
589 1310 719 1388 [solam]
740 1309 902 1371 ecelesiam
922 1312 1093 1371 Romanam
1115 1330 1181 1389 per·
1251 1308 1262 1327 “

262 1391 371 1467 tinere,
392 1399 425 1450 et
444 1410 508 1451 non
529 1390 569 1451 ad
590 1392 667 1451 alias
690 1395 817 1451 omnes.'

345 1474 392 1533 Te
413 1492 496 1533 nune
516 1475 659 1555 appello,
681 1475 796 1555 lector,
820 1483 853 1535 ut
874 1476 1007 1552 iudioes,
1041 1496 1081 1537 an
1103 1474 1182 1536 haee

260 1556 542 1617 uerretamodeue
553 1556 626 1632 an²)
636 1558 820 1619 immodeste
833 1559 1030 1638 frigidissima
1042 1560 1182 1639 dixerim,

262 1659 341 1719 qnae
365 1641 465 1701 verius
485 1641 667 1721 impiissime
685 1640 788 1701 dioere
809 1642 993 1720 debuissem,
1011 1662 1074 1703 non
1100 1642 1181 1721 quod
1251 1640 1254 1647 ’
1347 1630 1352 1641 ”

261 1724 472 1785 Remanmuru
486 1722 665 1805 pontifieum
680 1725 751 1802 sint,
774 1724 827 1786 sed
842 1725 924 1804 quod
936 1726 1061 1786 nomine
1077 1744 1182 1786 eorum

262 1807 442 1888 vulgentur,
478 1814 511 1867 et
531 1826 586 1886 per
612 1808 681 1886 ipsa
701 1808 770 1867 iem.
785 1808 888 1869 multis
910 1810 998 1868 annis
1020 1809 1183 1869 adulentur

262 1892 391 1951 summis
413 1889 634 1967 Pontifioibus,
662 1889 719 1949 has
742 1891 878 1951 insanias
899 1890 973 1951 nihil
996 1891 1182 1967 curantibus,

262 1974 334 2052 quin
358 1983 390 2033 et
411 1974 547 2033 suaviter
566 1972 771 2036 audientibus.

346 2057 445 2137 Igitur
466 2056 670 2137 evangelium,
692 2056 754 2117 hoo
775 2058 951 2137 interprete,
974 2055 1183 2136 sioiutelligi·

263 2159 329 2201 mue
344 2140 378 2214 ²)
398 2147 430 2200 et
451 2139 724 2220 loeupletabimus:
746 2140 815 2221 Ego
833 2160 942 2224 ‘supro
970 2139 1040 2201 fidei
1062 2147 1181 2219 petrem

262 2222 436 2284 aedificabo
469 2224 632 2284 ecelesiam
668 2242 769 2283 meam
806 2224 984 2283 Romanum.
1041 2224 1184 2284 Romana

262 2314 368 2371 autem
391 2305 566 2367 aedificabit
586 2323 680 2385 supra
708 2324 794 2366 suam
824 2309 1008 2367 sententiam
1036 2306 1183 2367 eeclesias

261 2411 350 2467 suas,
373 2410 438 2452 non
461 2411 560 2466 meas,
594 2390 665 2469 quia
700 2409 800 2451 msam
835 2411 927 2472 supro
959 2390 1031 2452 fidei
1065 2398 1183 2470 petram

262 2473 448 2536 aedificabo.
491 2474 576 2536 Eure
598 2490 681 2532 nuno
703 2480 776 2533 eant
788 2474 973 2548 adulatores,
997 2482 1028 2534 et
1048 2479 1184 2535 statuent

262 2559 354 2619 nobis
377 2557 551 2637 Seripturae
564 2563 690 2617 sanotae
705 2558 988 2637 interpretationem
1001 2557 1038 2619 ad
1051 2555 1183 2618 Romani

191 2713 199 2722 ι
261 2639 419 2720 pontificis
441 2641 556 2701 seribas
578 2641 741 2720 pertinere.

349 2723 471 2784 Deinde
493 2723 574 2802 vide,
595 2722 667 2802 quid
690 2723 781 2783 sitin
804 2725 885 2785 ouria
898 2723 1041 2784 Romsua
1062 2722 1183 2783 iuristus

264 2807 429 2884 dominari,
451 2812 483 2866 et
505 2808 571 2866 sine
593 2805 748 2885 theologis
772 2826 808 2866 se
830 2808 924 2868 saeris
938 2808 1033 2868 literis
1055 2805 1094 2866 ds
1116 2803 1184 2866 sola

263 2897 420 2970 potestate
442 2898 473 2950 et
494 2890 624 2970 Spiritus
655 2890 753 2950 sensti
780 2891 955 2970 praesentia
978 2906 1183 2970 praesumere,

263 2974 324 3034 hoo
347 2980 410 3051 est,
449 2993 504 3052 per
537 2973 634 3033 solem
664 2976 834 3052 potentiam
856 2974 1020 3053 scripturos
1044 2977 1183 3033 traotare.

264 3057 409 3118 Ceterum
443 3058 530 3116 iuxta
551 3056 714 3136 Augustini
736 3057 874 3136 regulam
914 3065 945 3116 et
966 3057 1124 3118 Romanus
1154 3059 1185 3114 et

265 3141 365 3202 omnis
389 3139 529 3218 pontifex
552 3138 691 3199 subiacet
713 3138 875 3200 cuiuslibet
904 3139 1004 3200 tidelis
1026 3141 1117 3199 etium
1141 3137 1185 3196 iu·

267 3223 360 3300 dioio,
382 3223 517 3282 maxime
538 3223 570 3281 in
593 3222 720 3282 materia
742 3221 824 3284 fidei.

348 3305 414 3365 lam
436 3305 511 3364 illud
535 3324 624 3383 quam
649 3305 828 3386 evangelice
861 3305 1058 3366 dictumest:
1093 3300 1184 3377 Quod

264 3389 408 3450 eoelestis
439 3389 558 3467 imperii
597 3393 628 3447 et
660 3390 773 3448 terreni
805 3389 871 3449 iura
893 3388 984 3449 Petro
1017 3387 1186 3464 commisit,

265 3470 413 3545 obsecro,
434 3490 496 3531 non
521 3479 569 3530 est
590 3471 669 3530 haee
690 3491 738 3531 res
761 3472 903 3532 omuibus
926 3471 1059 3532 leorimis
1082 3470 1184 3552 digna,

265 3554 348 3633 quod
371 3554 450 3614 haee
471 3573 534 3614 non
547 3553 640 3614 modo
655 3554 768 3636 legere,
791 3553 954 3615 sedetiam
978 3555 1106 3616 eredere
1129 3571 1213 3634 pro‘

265 3636 398 3698 oraculis
422 3636 554 3716 Spiritus
578 3637 676 3698 saneti
699 3657 871 3718 urgeamur,
895 3638 991 3698 etita
1012 3655 1184 3718 urgeamur,

266 3727 299 3782 ul
319 3722 423 3801 ignem
446 3721 614 3798 minentur,
643 3721 667 3779 si
690 3728 797 3781 eontra
820 3721 891 3800 quid
914 3721 1098 3782 mutiemus?
1133 3719 1185 3778 At·

267 3823 325 3883 que
346 3804 391 3864 ita
412 3800 456 3881 iit,
479 3809 513 3862 ut
532 3802 611 3863 haee
633 3804 748 3864 maiore
767 3805 877 3866 timore
899 3811 930 3864 et
952 3804 1102 3886 religione
1124 3822 1185 3861 sm·
1260 3827 1263 3834 ⁴
1295 3831 1302 3842 ·

267 3886 455 3965 plectamur,
485 3904 577 3964 quam
599 3885 692 3946 ullum
715 3885 798 3946 aliud
828 3887 878 3948 vel
899 3885 971 3948 fidei
993 3887 1043 3947 vel
1066 3904 1184 3945 morum
1270 3927 1274 3938 ,

302 4077 333 4142 1)
353 4076 386 4128 In
406 4075 449 4129 ed.
468 4076 573 4143 priora:
594 4074 645 4128 vel.
682 4073 710 4140 2)
730 4074 761 4126 ln
781 4073 825 4128 ed.
843 4074 915 4130 lem:
934 4074 1130 4142 intelligemus.
