<?xml version="1.0" encoding="UTF-8"?>
<!DOCTYPE html PUBLIC "-//W3C//DTD XHTML 1.0 Transitional//EN"
    "http://www.w3.org/TR/xhtml1/DTD/xhtml1-transitional.dtd">
<html xmlns="http://www.w3.org/1999/xhtml" xml:lang="en" lang="en">
 <head>
  <title>
</title>
<meta http-equiv="Content-Type" content="text/html;charset=utf-8" />
  <meta name='ocr-system' content='tesseract 3.04.00' />
  <meta name='ocr-capabilities' content='ocr_page ocr_carea ocr_par ocr_line ocrx_word'/>
</head>
<body>
  <div class='ocr_page' id='page_1' title='image "./operalatinavari02schmgoog_0023.png"; bbox 0 0 3075 4775; ppageno 0'>
   <div class='ocr_carea' id='block_1_1' title="bbox 435 475 1202 578">
    <p class='ocr_par' dir='ltr' id='par_1_1' title="bbox 435 475 1202 578">
     <span class='ocr_line' id='line_1_1' title="bbox 435 475 1202 578; baseline 0.004 -14"><span class='ocrx_word' id='word_1_1' title='bbox 435 510 573 566; x_wconf 63' lang='lat' dir='ltr'><strong>lovem·</strong></span> <span class='ocrx_word' id='word_1_2' title='bbox 590 475 799 578; x_wconf 60' lang='lat' dir='ltr'><strong>maurannus</strong></span> <span class='ocrx_word' id='word_1_3' title='bbox 816 513 951 567; x_wconf 68' lang='lat' dir='ltr'><strong>romara</strong></span> <span class='ocrx_word' id='word_1_4' title='bbox 968 513 1054 568; x_wconf 72' lang='lat' dir='ltr'><strong>nou.</strong></span> <span class='ocrx_word' id='word_1_5' title='bbox 1161 504 1202 577; x_wconf 76' lang='lat' dir='ltr'><strong>to</strong></span> 
     </span>
    </p>
   </div>
   <div class='ocr_carea' id='block_1_2' title="bbox 155 673 1213 783">
    <p class='ocr_par' dir='ltr' id='par_1_2' title="bbox 155 673 1213 783">
     <span class='ocr_line' id='line_1_2' title="bbox 155 673 1213 783; baseline 0.012 -26"><span class='ocrx_word' id='word_1_6' title='bbox 155 673 156 682; x_wconf 9' lang='grc' dir='ltr'>ἵ</span> <span class='ocrx_word' id='word_1_7' title='bbox 250 735 256 750; x_wconf 88' lang='lat'><strong>·</strong></span> <span class='ocrx_word' id='word_1_8' title='bbox 279 685 406 778; x_wconf 71' lang='lat' dir='ltr'><strong>ddum)</strong></span> <span class='ocrx_word' id='word_1_9' title='bbox 436 699 527 762; x_wconf 85' lang='lat' dir='ltr'><strong>terira</strong></span> <span class='ocrx_word' id='word_1_10' title='bbox 548 715 653 762; x_wconf 18' lang='lat' dir='ltr'><strong>*mrem</strong></span> <span class='ocrx_word' id='word_1_11' title='bbox 676 699 784 774; x_wconf 70' lang='lat' dir='ltr'><strong>hono,</strong></span> <span class='ocrx_word' id='word_1_12' title='bbox 806 698 839 761; x_wconf 89' lang='lat' dir='ltr'><strong>et</strong></span> <span class='ocrx_word' id='word_1_13' title='bbox 859 714 899 762; x_wconf 73' lang='lat' dir='ltr'><strong>aa</strong></span> <span class='ocrx_word' id='word_1_14' title='bbox 920 689 1130 783; x_wconf 74' lang='lat' dir='ltr'><strong>disputsdone</strong></span> <span class='ocrx_word' id='word_1_15' title='bbox 1151 696 1213 782; x_wconf 59' lang='lat' dir='ltr'><strong>ve:</strong></span> 
     </span>
    </p>
   </div>
   <div class='ocr_carea' id='block_1_3' title="bbox 269 783 1249 3778">
    <p class='ocr_par' dir='ltr' id='par_1_3' title="bbox 279 783 958 864">
     <span class='ocr_line' id='line_1_3' title="bbox 279 783 958 864; baseline 0.001 -20"><span class='ocrx_word' id='word_1_16' title='bbox 279 783 378 844; x_wconf 76' lang='lat' dir='ltr'><strong>ritulis</strong></span> <span class='ocrx_word' id='word_1_17' title='bbox 401 783 518 844; x_wconf 82' lang='lat' dir='ltr'><strong>faeere·</strong></span> <span class='ocrx_word' id='word_1_18' title='bbox 527 783 719 864; x_wconf 76' lang='lat' dir='ltr'><strong>tragoediam</strong></span> <span class='ocrx_word' id='word_1_19' title='bbox 740 783 884 845; x_wconf 81' lang='lat' dir='ltr'><strong>invidiae.</strong></span> <span class='ocrx_word' id='word_1_20' title='bbox 953 800 958 811; x_wconf 76' lang='grc'>’</span> 
     </span>
    </p>

    <p class='ocr_par' dir='ltr' id='par_1_4' title="bbox 280 867 1235 1863">
     <span class='ocr_line' id='line_1_4' title="bbox 363 867 1203 948; baseline 0.001 -20"><span class='ocrx_word' id='word_1_21' title='bbox 363 867 424 928; x_wconf 80' lang='lat' dir='ltr'><strong>Sed</strong></span> <span class='ocrx_word' id='word_1_22' title='bbox 456 868 653 928; x_wconf 72' lang='lat' dir='ltr'><strong>criminentur</strong></span> <span class='ocrx_word' id='word_1_23' title='bbox 681 876 829 948; x_wconf 88' lang='lat' dir='ltr'><strong>quantum</strong></span> <span class='ocrx_word' id='word_1_24' title='bbox 861 868 972 947; x_wconf 84' lang='lat' dir='ltr'><strong>velint,</strong></span> <span class='ocrx_word' id='word_1_25' title='bbox 1017 874 1203 930; x_wconf 71' lang='lat' dir='ltr'><strong>consecrent</strong></span> 
     </span>
     <span class='ocr_line' id='line_1_5' title="bbox 281 942 1198 1030; baseline 0.005 -21"><span class='ocrx_word' id='word_1_26' title='bbox 281 949 346 1010; x_wconf 91' lang='lat' dir='ltr'><strong>sedi</strong></span> <span class='ocrx_word' id='word_1_27' title='bbox 363 950 556 1030; x_wconf 86' lang='lat' dir='ltr'><strong>apostolieae</strong></span> <span class='ocrx_word' id='word_1_28' title='bbox 571 971 642 1012; x_wconf 89' lang='lat' dir='ltr'><strong>snas</strong></span> <span class='ocrx_word' id='word_1_29' title='bbox 656 950 860 1030; x_wconf 77' lang='lat' dir='ltr'>adulationes,</span> <span class='ocrx_word' id='word_1_30' title='bbox 874 942 1058 1013; x_wconf 79' lang='lat' dir='ltr'><strong>oonseorent</strong></span> <span class='ocrx_word' id='word_1_31' title='bbox 1070 971 1198 1023; x_wconf 75' lang='lat' dir='ltr'><strong>soamno</strong></span> 
     </span>
     <span class='ocr_line' id='line_1_6' title="bbox 281 1032 1205 1115; baseline 0.002 -21"><span class='ocrx_word' id='word_1_32' title='bbox 281 1039 312 1094; x_wconf 84' lang='lat' dir='ltr'><strong>et</strong></span> <span class='ocrx_word' id='word_1_33' title='bbox 340 1032 495 1109; x_wconf 86' lang='lat' dir='ltr'><strong>soahello,</strong></span> <span class='ocrx_word' id='word_1_34' title='bbox 528 1043 711 1096; x_wconf 83' lang='lat' dir='ltr'><strong>oonseorent</strong></span> <span class='ocrx_word' id='word_1_35' title='bbox 744 1036 837 1096; x_wconf 81' lang='lat' dir='ltr'><strong>etiam</strong></span> <span class='ocrx_word' id='word_1_36' title='bbox 872 1032 982 1096; x_wconf 72' lang='lat' dir='ltr'><strong>oistae-</strong></span> <span class='ocrx_word' id='word_1_37' title='bbox 998 1036 1205 1115; x_wconf 68' lang='lat' dir='ltr'><strong>apostolieae</strong></span> 
     </span>
     <span class='ocr_line' id='line_1_7' title="bbox 283 1115 1201 1198; baseline 0.004 -22"><span class='ocrx_word' id='word_1_38' title='bbox 283 1115 549 1198; x_wconf 73' lang='lat' dir='ltr'><strong>(quandoquidem</strong></span> <span class='ocrx_word' id='word_1_39' title='bbox 572 1117 650 1179; x_wconf 85' lang='lat' dir='ltr'><strong>haee</strong></span> <span class='ocrx_word' id='word_1_40' title='bbox 670 1117 710 1178; x_wconf 87' lang='lat' dir='ltr'><strong>ad</strong></span> <span class='ocrx_word' id='word_1_41' title='bbox 732 1137 797 1178; x_wconf 83' lang='lat' dir='ltr'><strong>rem</strong></span> <span class='ocrx_word' id='word_1_42' title='bbox 818 1116 1077 1198; x_wconf 76' lang='lat' dir='ltr'><strong>indulgentiarum</strong></span> <span class='ocrx_word' id='word_1_43' title='bbox 1088 1126 1121 1180; x_wconf 89' lang='lat' dir='ltr'><strong>et</strong></span> <span class='ocrx_word' id='word_1_44' title='bbox 1137 1137 1201 1180; x_wconf 80' lang='lat' dir='ltr'><strong>mo·</strong></span> 
     </span>
     <span class='ocr_line' id='line_1_8' title="bbox 281 1200 1200 1280; baseline 0.003 -21"><span class='ocrx_word' id='word_1_45' title='bbox 281 1200 437 1260; x_wconf 88' lang='lat' dir='ltr'><strong>narohiam</strong></span> <span class='ocrx_word' id='word_1_46' title='bbox 460 1202 593 1260; x_wconf 83' lang='lat' dir='ltr'><strong>maxime</strong></span> <span class='ocrx_word' id='word_1_47' title='bbox 616 1203 752 1262; x_wconf 86' lang='lat' dir='ltr'><strong>omnium</strong></span> <span class='ocrx_word' id='word_1_48' title='bbox 774 1203 937 1280; x_wconf 77' lang='lat' dir='ltr'><strong>pertinet),</strong></span> <span class='ocrx_word' id='word_1_49' title='bbox 966 1203 1139 1262; x_wconf 73' lang='lat' dir='ltr'><strong>transiliant</strong></span> <span class='ocrx_word' id='word_1_50' title='bbox 1158 1202 1200 1262; x_wconf 87' lang='lat' dir='ltr'><strong>al-</strong></span> 
     </span>
     <span class='ocr_line' id='line_1_9' title="bbox 281 1283 1201 1363; baseline 0.002 -21"><span class='ocrx_word' id='word_1_51' title='bbox 281 1289 347 1342; x_wconf 89' lang='lat' dir='ltr'><strong>tare</strong></span> <span class='ocrx_word' id='word_1_52' title='bbox 369 1284 417 1342; x_wconf 86' lang='lat' dir='ltr'><strong>eui</strong></span> <span class='ocrx_word' id='word_1_53' title='bbox 439 1283 568 1360; x_wconf 85' lang='lat' dir='ltr'><strong>Baal*),</strong></span> <span class='ocrx_word' id='word_1_54' title='bbox 591 1283 726 1344; x_wconf 89' lang='lat' dir='ltr'><strong>olament</strong></span> <span class='ocrx_word' id='word_1_55' title='bbox 747 1303 826 1345; x_wconf 83' lang='lat' dir='ltr'><strong>voce</strong></span> <span class='ocrx_word' id='word_1_56' title='bbox 848 1287 983 1363; x_wconf 89' lang='lat' dir='ltr'><strong>maiore,</strong></span> <span class='ocrx_word' id='word_1_57' title='bbox 1013 1285 1097 1344; x_wconf 89' lang='lat' dir='ltr'><strong>Deus</strong></span> <span class='ocrx_word' id='word_1_58' title='bbox 1120 1287 1201 1344; x_wconf 91' lang='lat' dir='ltr'><strong>enim</strong></span> 
     </span>
     <span class='ocr_line' id='line_1_10' title="bbox 281 1355 1235 1445; baseline 0.002 -19"><span class='ocrx_word' id='word_1_59' title='bbox 281 1373 338 1444; x_wconf 90' lang='lat' dir='ltr'><strong>est,</strong></span> <span class='ocrx_word' id='word_1_60' title='bbox 361 1367 490 1426; x_wconf 79' lang='lat' dir='ltr'><strong>forsitan</strong></span> <span class='ocrx_word' id='word_1_61' title='bbox 513 1366 670 1445; x_wconf 82' lang='lat' dir='ltr'><strong>loquetur,</strong></span> <span class='ocrx_word' id='word_1_62' title='bbox 695 1374 747 1427; x_wconf 89' lang='lat' dir='ltr'><strong>aut</strong></span> <span class='ocrx_word' id='word_1_63' title='bbox 767 1368 798 1435; x_wconf 84' lang='lat' dir='ltr'><strong>in</strong></span> <span class='ocrx_word' id='word_1_64' title='bbox 820 1369 946 1442; x_wconf 86' lang='lat' dir='ltr'><strong>itinere,</strong></span> <span class='ocrx_word' id='word_1_65' title='bbox 979 1372 1032 1428; x_wconf 90' lang='lat' dir='ltr'><strong>aut</strong></span> <span class='ocrx_word' id='word_1_66' title='bbox 1051 1355 1081 1426; x_wconf 84' lang='lat' dir='ltr'><strong>in</strong></span> <span class='ocrx_word' id='word_1_67' title='bbox 1104 1365 1201 1428; x_wconf 88' lang='lat' dir='ltr'><strong>diver·</strong></span> <span class='ocrx_word' id='word_1_68' title='bbox 1230 1372 1235 1382; x_wconf 68' lang='lat'>‘</span> 
     </span>
     <span class='ocr_line' id='line_1_11' title="bbox 280 1445 1204 1530; baseline 0.001 -21"><span class='ocrx_word' id='word_1_69' title='bbox 280 1449 365 1509; x_wconf 88' lang='lat' dir='ltr'><strong>sorio</strong></span> <span class='ocrx_word' id='word_1_70' title='bbox 388 1451 450 1527; x_wconf 89' lang='lat' dir='ltr'><strong>est,</strong></span> <span class='ocrx_word' id='word_1_71' title='bbox 480 1455 532 1508; x_wconf 91' lang='lat' dir='ltr'><strong>ant</strong></span> <span class='ocrx_word' id='word_1_72' title='bbox 554 1458 636 1511; x_wconf 81' lang='lat' dir='ltr'><strong>certe</strong></span> <span class='ocrx_word' id='word_1_73' title='bbox 659 1449 786 1530; x_wconf 83' lang='lat' dir='ltr'><strong>dormit,</strong></span> <span class='ocrx_word' id='word_1_74' title='bbox 816 1457 850 1510; x_wconf 91' lang='lat' dir='ltr'><strong>ut</strong></span> <span class='ocrx_word' id='word_1_75' title='bbox 881 1453 1039 1513; x_wconf 76' lang='lat' dir='ltr'><strong>excitetur.</strong></span> <span class='ocrx_word' id='word_1_76' title='bbox 1084 1445 1204 1511; x_wconf 75' lang='lat' dir='ltr'><strong>Sufficit</strong></span> 
     </span>
     <span class='ocr_line' id='line_1_12' title="bbox 280 1531 1201 1614; baseline 0.005 -23"><span class='ocrx_word' id='word_1_77' title='bbox 280 1531 364 1611; x_wconf 91' lang='lat' dir='ltr'><strong>mihi,</strong></span> <span class='ocrx_word' id='word_1_78' title='bbox 387 1531 471 1611; x_wconf 92' lang='lat' dir='ltr'><strong>quod</strong></span> <span class='ocrx_word' id='word_1_79' title='bbox 492 1532 581 1592; x_wconf 82' lang='lat' dir='ltr'><strong>aedes</strong></span> <span class='ocrx_word' id='word_1_80' title='bbox 604 1533 777 1613; x_wconf 86' lang='lat' dir='ltr'><strong>apostoliea</strong></span> <span class='ocrx_word' id='word_1_81' title='bbox 798 1553 898 1613; x_wconf 92' lang='lat' dir='ltr'><strong>neque</strong></span> <span class='ocrx_word' id='word_1_82' title='bbox 921 1533 995 1610; x_wconf 87' lang='lat' dir='ltr'><strong>vult,</strong></span> <span class='ocrx_word' id='word_1_83' title='bbox 1017 1540 1119 1614; x_wconf 79' lang='lat' dir='ltr'><strong>neque</strong></span> <span class='ocrx_word' id='word_1_84' title='bbox 1145 1551 1201 1614; x_wconf 90' lang='lat' dir='ltr'><strong>po·</strong></span> 
     </span>
     <span class='ocr_line' id='line_1_13' title="bbox 281 1614 1233 1694; baseline 0.003 -20"><span class='ocrx_word' id='word_1_85' title='bbox 281 1621 341 1676; x_wconf 88' lang='lat' dir='ltr'><strong>test</strong></span> <span class='ocrx_word' id='word_1_86' title='bbox 363 1614 527 1694; x_wconf 88' lang='lat' dir='ltr'><strong>quidquam</strong></span> <span class='ocrx_word' id='word_1_87' title='bbox 551 1625 659 1676; x_wconf 86' lang='lat' dir='ltr'><strong>eontra</strong></span> <span class='ocrx_word' id='word_1_88' title='bbox 681 1617 843 1678; x_wconf 80' lang='lat' dir='ltr'><strong>Christum.</strong></span> <span class='ocrx_word' id='word_1_89' title='bbox 886 1616 952 1678; x_wconf 87' lang='lat' dir='ltr'><strong>Nee</strong></span> <span class='ocrx_word' id='word_1_90' title='bbox 979 1619 1009 1677; x_wconf 90' lang='lat' dir='ltr'><strong>in</strong></span> <span class='ocrx_word' id='word_1_91' title='bbox 1032 1617 1145 1678; x_wconf 87' lang='lat' dir='ltr'><strong>haere</strong></span> <span class='ocrx_word' id='word_1_92' title='bbox 1167 1617 1202 1677; x_wconf 91' lang='lat' dir='ltr'><strong>ti·</strong></span> <span class='ocrx_word' id='word_1_93' title='bbox 1227 1635 1233 1646; x_wconf 78' lang='grc'><em>·</em></span> 
     </span>
     <span class='ocr_line' id='line_1_14' title="bbox 280 1696 1200 1782; baseline 0.003 -25"><span class='ocrx_word' id='word_1_94' title='bbox 280 1697 389 1774; x_wconf 86' lang='lat' dir='ltr'><strong>meho,</strong></span> <span class='ocrx_word' id='word_1_95' title='bbox 412 1717 467 1758; x_wconf 90' lang='lat' dir='ltr'><strong>seu</strong></span> <span class='ocrx_word' id='word_1_96' title='bbox 489 1717 612 1780; x_wconf 86' lang='lat' dir='ltr'><strong>papam,</strong></span> <span class='ocrx_word' id='word_1_97' title='bbox 635 1718 689 1760; x_wconf 90' lang='lat' dir='ltr'><strong>seu</strong></span> <span class='ocrx_word' id='word_1_98' title='bbox 711 1696 826 1774; x_wconf 84' lang='lat' dir='ltr'><strong>nornen</strong></span> <span class='ocrx_word' id='word_1_99' title='bbox 847 1712 958 1782; x_wconf 79' lang='lat' dir='ltr'><strong>papae,</strong></span> <span class='ocrx_word' id='word_1_100' title='bbox 980 1700 1077 1761; x_wconf 90' lang='lat' dir='ltr'><strong>multo</strong></span> <span class='ocrx_word' id='word_1_101' title='bbox 1100 1701 1200 1762; x_wconf 88' lang='lat' dir='ltr'><strong>minus</strong></span> 
     </span>
     <span class='ocr_line' id='line_1_15' title="bbox 280 1781 1219 1863; baseline 0.004 -22"><span class='ocrx_word' id='word_1_102' title='bbox 280 1799 401 1862; x_wconf 86' lang='lat' dir='ltr'><strong>pappos</strong></span> <span class='ocrx_word' id='word_1_103' title='bbox 423 1789 455 1842; x_wconf 90' lang='lat' dir='ltr'><strong>et</strong></span> <span class='ocrx_word' id='word_1_104' title='bbox 475 1801 594 1863; x_wconf 86' lang='lat' dir='ltr'><strong>puppas</strong></span> <span class='ocrx_word' id='word_1_105' title='bbox 616 1781 698 1846; x_wconf 82' lang='lat' dir='ltr'><strong>isles.</strong></span> <span class='ocrx_word' id='word_1_106' title='bbox 724 1786 726 1792; x_wconf 87' lang='grc'><strong>’</strong></span> <span class='ocrx_word' id='word_1_107' title='bbox 1216 1808 1219 1815; x_wconf 77' lang='grc'><strong>’</strong></span> 
     </span>
    </p>

    <p class='ocr_par' dir='ltr' id='par_1_5' title="bbox 269 1862 1249 3778">
     <span class='ocr_line' id='line_1_16' title="bbox 363 1862 1201 1946; baseline 0.004 -23"><span class='ocrx_word' id='word_1_108' title='bbox 363 1863 464 1924; x_wconf 89' lang='lat' dir='ltr'><strong>Unum</strong></span> <span class='ocrx_word' id='word_1_109' title='bbox 495 1881 554 1945; x_wconf 85' lang='lat' dir='ltr'><strong>ego</strong></span> <span class='ocrx_word' id='word_1_110' title='bbox 577 1871 701 1946; x_wconf 78' lang='lat' dir='ltr'><strong>specto,</strong></span> <span class='ocrx_word' id='word_1_111' title='bbox 734 1885 774 1926; x_wconf 90' lang='lat' dir='ltr'><strong>ne</strong></span> <span class='ocrx_word' id='word_1_112' title='bbox 800 1867 933 1926; x_wconf 82' lang='lat' dir='ltr'><strong>nominis</strong></span> <span class='ocrx_word' id='word_1_113' title='bbox 956 1868 1017 1927; x_wconf 84' lang='lat' dir='ltr'><strong>mei</strong></span> <span class='ocrx_word' id='word_1_114' title='bbox 1038 1862 1201 1927; x_wconf 87' lang='lat' dir='ltr'><strong>Christiani</strong></span> 
     </span>
     <span class='ocr_line' id='line_1_17' title="bbox 280 1946 1202 2030; baseline 0.003 -24"><span class='ocrx_word' id='word_1_115' title='bbox 280 1946 413 2027; x_wconf 88' lang='lat' dir='ltr'><strong>spolium</strong></span> <span class='ocrx_word' id='word_1_116' title='bbox 442 1946 533 2008; x_wconf 81' lang='lat' dir='ltr'><strong>sedat</strong></span> <span class='ocrx_word' id='word_1_117' title='bbox 554 1948 586 2007; x_wconf 90' lang='lat' dir='ltr'><strong>in</strong></span> <span class='ocrx_word' id='word_1_118' title='bbox 609 1947 767 2010; x_wconf 86' lang='lat' dir='ltr'><strong>doetrinae</strong></span> <span class='ocrx_word' id='word_1_119' title='bbox 789 1947 900 2010; x_wconf 83' lang='lat' dir='ltr'><strong>Christi</strong></span> <span class='ocrx_word' id='word_1_120' title='bbox 927 1950 1121 2030; x_wconf 90' lang='lat' dir='ltr'><strong>purissimum</strong></span> <span class='ocrx_word' id='word_1_121' title='bbox 1143 1949 1202 2010; x_wconf 92' lang='lat' dir='ltr'><strong>dis-</strong></span> 
     </span>
     <span class='ocr_line' id='line_1_18' title="bbox 280 2029 1204 2115; baseline 0.002 -25"><span class='ocrx_word' id='word_1_122' title='bbox 280 2030 437 2111; x_wconf 86' lang='lat' dir='ltr'><strong>pendium.</strong></span> <span class='ocrx_word' id='word_1_123' title='bbox 490 2031 568 2091; x_wconf 88' lang='lat' dir='ltr'><strong>Nam</strong></span> <span class='ocrx_word' id='word_1_124' title='bbox 601 2029 653 2091; x_wconf 90' lang='lat' dir='ltr'><strong>hio</strong></span> <span class='ocrx_word' id='word_1_125' title='bbox 679 2033 772 2108; x_wconf 85' lang='lat' dir='ltr'><strong>nolo,</strong></span> <span class='ocrx_word' id='word_1_126' title='bbox 806 2032 885 2092; x_wconf 88' lang='lat' dir='ltr'><strong>ullus</strong></span> <span class='ocrx_word' id='word_1_127' title='bbox 913 2051 1013 2093; x_wconf 87' lang='lat' dir='ltr'><strong>meam</strong></span> <span class='ocrx_word' id='word_1_128' title='bbox 1043 2038 1204 2115; x_wconf 84' lang='lat' dir='ltr'><strong>exspectet</strong></span> 
     </span>
     <span class='ocr_line' id='line_1_19' title="bbox 279 2114 1203 2196; baseline 0.003 -23"><span class='ocrx_word' id='word_1_129' title='bbox 279 2114 473 2193; x_wconf 86' lang='lat' dir='ltr'><strong>patientiam,</strong></span> <span class='ocrx_word' id='word_1_130' title='bbox 496 2114 569 2176; x_wconf 93' lang='lat' dir='ltr'><strong>nolo</strong></span> <span class='ocrx_word' id='word_1_131' title='bbox 591 2115 702 2175; x_wconf 81' lang='lat' dir='ltr'><strong>Eooius</strong></span> <span class='ocrx_word' id='word_1_132' title='bbox 723 2122 854 2196; x_wconf 71' lang='lat' dir='ltr'><strong>quaerat</strong></span> <span class='ocrx_word' id='word_1_133' title='bbox 873 2135 933 2176; x_wconf 86' lang='lat' dir='ltr'><strong>neo</strong></span> <span class='ocrx_word' id='word_1_134' title='bbox 962 2117 1122 2196; x_wconf 85' lang='lat' dir='ltr'><strong>subnigra</strong></span> <span class='ocrx_word' id='word_1_135' title='bbox 1144 2133 1203 2176; x_wconf 88' lang='lat' dir='ltr'><strong>neo</strong></span> 
     </span>
     <span class='ocr_line' id='line_1_20' title="bbox 280 2195 1202 2285; baseline 0.004 -29"><span class='ocrx_word' id='word_1_136' title='bbox 280 2195 337 2264; x_wconf 84' lang='lat' dir='ltr'><strong>suh</strong></span> <span class='ocrx_word' id='word_1_137' title='bbox 360 2197 433 2257; x_wconf 90' lang='lat' dir='ltr'><strong>alba</strong></span> <span class='ocrx_word' id='word_1_138' title='bbox 452 2196 573 2257; x_wconf 85' lang='lat' dir='ltr'><strong>ououlla</strong></span> <span class='ocrx_word' id='word_1_139' title='bbox 595 2197 794 2278; x_wconf 79' lang='lat' dir='ltr'><strong>modestiam,</strong></span> <span class='ocrx_word' id='word_1_140' title='bbox 829 2196 993 2260; x_wconf 82' lang='lat' dir='ltr'><strong>maledieta</strong></span> <span class='ocrx_word' id='word_1_141' title='bbox 1020 2200 1061 2260; x_wconf 90' lang='lat' dir='ltr'><strong>sit</strong></span> <span class='ocrx_word' id='word_1_142' title='bbox 1087 2199 1202 2285; x_wconf 88' lang='lat' dir='ltr'><strong>impiae</strong></span> 
     </span>
     <span class='ocr_line' id='line_1_21' title="bbox 278 2279 1201 2361; baseline 0.003 -22"><span class='ocrx_word' id='word_1_143' title='bbox 278 2279 361 2339; x_wconf 89' lang='lat' dir='ltr'><strong>illius</strong></span> <span class='ocrx_word' id='word_1_144' title='bbox 385 2281 567 2340; x_wconf 87' lang='lat' dir='ltr'><strong>elementiae</strong></span> <span class='ocrx_word' id='word_1_145' title='bbox 589 2281 697 2360; x_wconf 86' lang='lat' dir='ltr'><strong>gloria,</strong></span> <span class='ocrx_word' id='word_1_146' title='bbox 720 2300 781 2361; x_wconf 87' lang='lat' dir='ltr'><strong>qua</strong></span> <span class='ocrx_word' id='word_1_147' title='bbox 804 2281 982 2360; x_wconf 75' lang='lat' dir='ltr'><strong>thab**)</strong></span> <span class='ocrx_word' id='word_1_148' title='bbox 1005 2282 1129 2342; x_wconf 86' lang='lat' dir='ltr'><strong>dimittit</strong></span> <span class='ocrx_word' id='word_1_149' title='bbox 1146 2282 1201 2342; x_wconf 92' lang='lat' dir='ltr'><strong>Be·</strong></span> 
     </span>
     <span class='ocr_line' id='line_1_22' title="bbox 281 2360 1200 2428; baseline 0.004 -4"><span class='ocrx_word' id='word_1_150' title='bbox 281 2361 387 2424; x_wconf 88' lang='lat' dir='ltr'><strong>uadab</strong></span> <span class='ocrx_word' id='word_1_151' title='bbox 408 2361 530 2425; x_wconf 87' lang='lat' dir='ltr'><strong>hostem</strong></span> <span class='ocrx_word' id='word_1_152' title='bbox 552 2360 658 2426; x_wconf 84' lang='lat' dir='ltr'><strong>Israel.</strong></span> <span class='ocrx_word' id='word_1_153' title='bbox 701 2365 759 2426; x_wconf 85' lang='lat' dir='ltr'><strong>llio</strong></span> <span class='ocrx_word' id='word_1_154' title='bbox 781 2366 862 2426; x_wconf 89' lang='lat' dir='ltr'><strong>enim</strong></span> <span class='ocrx_word' id='word_1_155' title='bbox 884 2364 996 2428; x_wconf 88' lang='lat' dir='ltr'><strong>vellem</strong></span> <span class='ocrx_word' id='word_1_156' title='bbox 1019 2385 1081 2427; x_wconf 92' lang='lat' dir='ltr'><strong>non</strong></span> <span class='ocrx_word' id='word_1_157' title='bbox 1107 2365 1200 2428; x_wconf 90' lang='lat' dir='ltr'><strong>modo</strong></span> 
     </span>
     <span class='ocr_line' id='line_1_23' title="bbox 269 2448 1201 2529; baseline 0.003 -22"><span class='ocrx_word' id='word_1_158' title='bbox 269 2461 352 2507; x_wconf 86' lang='lat' dir='ltr'><strong>&#39;esee</strong></span> <span class='ocrx_word' id='word_1_159' title='bbox 374 2449 604 2527; x_wconf 86' lang='lat' dir='ltr'><strong>potentissimus</strong></span> <span class='ocrx_word' id='word_1_160' title='bbox 634 2448 803 2510; x_wconf 88' lang='lat' dir='ltr'><strong>mordendo</strong></span> <span class='ocrx_word' id='word_1_161' title='bbox 840 2449 940 2529; x_wconf 71' lang='lat' dir='ltr'><strong>(quod</strong></span> <span class='ocrx_word' id='word_1_162' title='bbox 961 2448 1057 2511; x_wconf 78' lang='lat' dir='ltr'><strong>Eoeio</strong></span> <span class='ocrx_word' id='word_1_163' title='bbox 1085 2448 1201 2529; x_wconf 88' lang='lat' dir='ltr'><strong>dolet),</strong></span> 
     </span>
     <span class='ocr_line' id='line_1_24' title="bbox 280 2530 1201 2613; baseline 0.007 -24"><span class='ocrx_word' id='word_1_164' title='bbox 280 2530 335 2590; x_wconf 87' lang='lat' dir='ltr'><strong>sed</strong></span> <span class='ocrx_word' id='word_1_165' title='bbox 357 2531 488 2590; x_wconf 89' lang='lat' dir='ltr'><strong>inviotus</strong></span> <span class='ocrx_word' id='word_1_166' title='bbox 516 2549 639 2611; x_wconf 89' lang='lat' dir='ltr'><strong>quoqne</strong></span> <span class='ocrx_word' id='word_1_167' title='bbox 662 2532 859 2608; x_wconf 70' lang='lat' dir='ltr'><strong>deuorando,</strong></span> <span class='ocrx_word' id='word_1_168' title='bbox 892 2551 953 2613; x_wconf 93' lang='lat' dir='ltr'><strong>quo</strong></span> <span class='ocrx_word' id='word_1_169' title='bbox 982 2539 1014 2593; x_wconf 88' lang='lat' dir='ltr'><strong>et</strong></span> <span class='ocrx_word' id='word_1_170' title='bbox 1035 2533 1201 2595; x_wconf 82' lang='lat' dir='ltr'><strong>Silvestros</strong></span> 
     </span>
     <span class='ocr_line' id='line_1_25' title="bbox 279 2612 1201 2697; baseline 0.002 -22"><span class='ocrx_word' id='word_1_171' title='bbox 279 2622 311 2675; x_wconf 88' lang='lat' dir='ltr'><strong>et</strong></span> <span class='ocrx_word' id='word_1_172' title='bbox 332 2612 507 2692; x_wconf 79' lang='lat' dir='ltr'><strong>civestros,</strong></span> <span class='ocrx_word' id='word_1_173' title='bbox 537 2621 568 2674; x_wconf 89' lang='lat' dir='ltr'><strong>et</strong></span> <span class='ocrx_word' id='word_1_174' title='bbox 590 2614 754 2677; x_wconf 87' lang='lat' dir='ltr'><strong>Caietanos</strong></span> <span class='ocrx_word' id='word_1_175' title='bbox 786 2624 817 2677; x_wconf 91' lang='lat' dir='ltr'><strong>et</strong></span> <span class='ocrx_word' id='word_1_176' title='bbox 843 2615 971 2695; x_wconf 81' lang='lat' dir='ltr'><strong>Eeoios,</strong></span> <span class='ocrx_word' id='word_1_177' title='bbox 1004 2616 1201 2697; x_wconf 85' lang='lat' dir='ltr'><strong>reliquosque</strong></span> 
     </span>
     <span class='ocr_line' id='line_1_26' title="bbox 277 2694 1203 2780; baseline 0.001 -23"><span class='ocrx_word' id='word_1_178' title='bbox 277 2694 425 2758; x_wconf 84' lang='lat' dir='ltr'><strong>fratrores</strong></span> <span class='ocrx_word' id='word_1_179' title='bbox 447 2696 638 2758; x_wconf 77' lang='lat' dir='ltr'><strong>Christianae</strong></span> <span class='ocrx_word' id='word_1_180' title='bbox 664 2700 782 2779; x_wconf 85' lang='lat' dir='ltr'><strong>gratiae</strong></span> <span class='ocrx_word' id='word_1_181' title='bbox 801 2700 1032 2779; x_wconf 81' lang='lat' dir='ltr'><strong>impugnatores</strong></span> <span class='ocrx_word' id='word_1_182' title='bbox 1059 2718 1121 2761; x_wconf 89' lang='lat' dir='ltr'><strong>uno</strong></span> <span class='ocrx_word' id='word_1_183' title='bbox 1155 2695 1203 2780; x_wconf 93' lang='lat' dir='ltr'><strong>(ut</strong></span> 
     </span>
     <span class='ocr_line' id='line_1_27' title="bbox 278 2780 1202 2862; baseline 0.001 -23"><span class='ocrx_word' id='word_1_184' title='bbox 278 2780 378 2841; x_wconf 87' lang='lat' dir='ltr'><strong>Isaiae</strong></span> <span class='ocrx_word' id='word_1_185' title='bbox 400 2780 496 2841; x_wconf 89' lang='lat' dir='ltr'><strong>verbo</strong></span> <span class='ocrx_word' id='word_1_186' title='bbox 520 2784 606 2855; x_wconf 82' lang='lat' dir='ltr'><strong>utar)</strong></span> <span class='ocrx_word' id='word_1_187' title='bbox 632 2800 686 2842; x_wconf 90' lang='lat' dir='ltr'><strong>ore</strong></span> <span class='ocrx_word' id='word_1_188' title='bbox 708 2782 860 2843; x_wconf 86' lang='lat' dir='ltr'><strong>devorare</strong></span> <span class='ocrx_word' id='word_1_189' title='bbox 881 2800 1016 2862; x_wconf 88' lang='lat' dir='ltr'><strong>possem.</strong></span> <span class='ocrx_word' id='word_1_190' title='bbox 1052 2782 1202 2843; x_wconf 83' lang='lat' dir='ltr'><strong>Terreant</strong></span> 
     </span>
     <span class='ocr_line' id='line_1_28' title="bbox 278 2862 1200 2943; baseline -0.001 -20"><span class='ocrx_word' id='word_1_191' title='bbox 278 2862 373 2923; x_wconf 85' lang='lat' dir='ltr'><strong>alium</strong></span> <span class='ocrx_word' id='word_1_192' title='bbox 395 2881 451 2943; x_wconf 90' lang='lat' dir='ltr'><strong>per</strong></span> <span class='ocrx_word' id='word_1_193' title='bbox 473 2862 666 2925; x_wconf 86' lang='lat' dir='ltr'><strong>adulationes</strong></span> <span class='ocrx_word' id='word_1_194' title='bbox 695 2872 730 2925; x_wconf 87' lang='lat' dir='ltr'><strong>et·</strong></span> <span class='ocrx_word' id='word_1_195' title='bbox 751 2866 1001 2926; x_wconf 86' lang='lat' dir='ltr'><strong>oonseorationes</strong></span> <span class='ocrx_word' id='word_1_196' title='bbox 1023 2883 1113 2942; x_wconf 83' lang='lat' dir='ltr'><strong>suas,</strong></span> <span class='ocrx_word' id='word_1_197' title='bbox 1145 2862 1200 2923; x_wconf 85' lang='lat' dir='ltr'><strong>Lu-</strong></span> 
     </span>
     <span class='ocr_line' id='line_1_29' title="bbox 278 2946 1201 3027; baseline -0.002 -20"><span class='ocrx_word' id='word_1_198' title='bbox 278 2947 383 3007; x_wconf 86' lang='lat' dir='ltr'><strong>therus</strong></span> <span class='ocrx_word' id='word_1_199' title='bbox 420 2946 597 3008; x_wconf 77' lang='lat' dir='ltr'><strong>sacerdotes</strong></span> <span class='ocrx_word' id='word_1_200' title='bbox 629 2956 661 3009; x_wconf 68' lang='lat' dir='ltr'><strong>⁴et</strong></span> <span class='ocrx_word' id='word_1_201' title='bbox 688 2956 921 3011; x_wconf 85' lang='lat' dir='ltr'><strong>oonseomtores</strong></span> <span class='ocrx_word' id='word_1_202' title='bbox 944 2947 1028 3008; x_wconf 90' lang='lat' dir='ltr'><strong>sedis</strong></span> <span class='ocrx_word' id='word_1_203' title='bbox 1055 2946 1201 3027; x_wconf 85' lang='lat' dir='ltr'><strong>apostoli-</strong></span> 
     </span>
     <span class='ocr_line' id='line_1_30' title="bbox 279 3030 1202 3112; baseline 0.001 -22"><span class='ocrx_word' id='word_1_204' title='bbox 279 3048 337 3090; x_wconf 86' lang='lat' dir='ltr'><strong>eae</strong></span> <span class='ocrx_word' id='word_1_205' title='bbox 373 3031 552 3091; x_wconf 76' lang='lat' dir='ltr'><strong>contemnit.</strong></span> <span class='ocrx_word' id='word_1_206' title='bbox 612 3030 723 3094; x_wconf 80' lang='lat' dir='ltr'><strong>Cetera</strong></span> <span class='ocrx_word' id='word_1_207' title='bbox 754 3034 786 3092; x_wconf 92' lang='lat' dir='ltr'><strong>in</strong></span> <span class='ocrx_word' id='word_1_208' title='bbox 819 3032 1026 3112; x_wconf 89' lang='lat' dir='ltr'><strong>disputatione</strong></span> <span class='ocrx_word' id='word_1_209' title='bbox 1065 3039 1097 3092; x_wconf 93' lang='lat' dir='ltr'><strong>et</strong></span> <span class='ocrx_word' id='word_1_210' title='bbox 1129 3036 1202 3109; x_wconf 87' lang='lat' dir='ltr'><strong>post</strong></span> 
     </span>
     <span class='ocr_line' id='line_1_31' title="bbox 279 3100 1201 3193; baseline 0.001 -21"><span class='ocrx_word' id='word_1_211' title='bbox 279 3113 532 3193; x_wconf 86' lang='lat' dir='ltr'><strong>disputationem.</strong></span> <span class='ocrx_word' id='word_1_212' title='bbox 591 3112 651 3175; x_wconf 81' lang='lat' dir='ltr'><strong>sed</strong></span> <span class='ocrx_word' id='word_1_213' title='bbox 689 3123 720 3175; x_wconf 92' lang='lat' dir='ltr'><strong>et</strong></span> <span class='ocrx_word' id='word_1_214' title='bbox 752 3114 788 3175; x_wconf 90' lang='lat' dir='ltr'><strong>D.</strong></span> <span class='ocrx_word' id='word_1_215' title='bbox 829 3100 969 3177; x_wconf 81' lang='lat' dir='ltr'><strong>Andreas</strong></span> <span class='ocrx_word' id='word_1_216' title='bbox 1003 3113 1201 3193; x_wconf 87' lang='lat' dir='ltr'><strong>Cariatadius,</strong></span> 
     </span>
     <span class='ocr_line' id='line_1_32' title="bbox 278 3194 1200 3279; baseline 0.002 -24"><span class='ocrx_word' id='word_1_217' title='bbox 278 3197 379 3256; x_wconf 82' lang='lat' dir='ltr'><strong>vietor</strong></span> <span class='ocrx_word' id='word_1_218' title='bbox 418 3194 543 3255; x_wconf 82' lang='lat' dir='ltr'><strong>Eooiani</strong></span> <span class='ocrx_word' id='word_1_219' title='bbox 581 3198 691 3259; x_wconf 89' lang='lat' dir='ltr'><strong>erroris</strong></span> <span class='ocrx_word' id='word_1_220' title='bbox 728 3199 795 3279; x_wconf 82' lang='lat' dir='ltr'><strong>jam</strong></span> <span class='ocrx_word' id='word_1_221' title='bbox 831 3198 960 3276; x_wconf 89' lang='lat' dir='ltr'><strong>dudum,</strong></span> <span class='ocrx_word' id='word_1_222' title='bbox 998 3198 1102 3258; x_wconf 75' lang='lat' dir='ltr'><strong>leniet</strong></span> <span class='ocrx_word' id='word_1_223' title='bbox 1138 3202 1200 3257; x_wconf 88' lang='lat' dir='ltr'><strong>non</strong></span> 
     </span>
     <span class='ocr_line' id='line_1_33' title="bbox 278 3279 1201 3361; baseline 0.003 -22"><span class='ocrx_word' id='word_1_224' title='bbox 278 3279 425 3359; x_wconf 77' lang='lat' dir='ltr'><strong>fugitivus</strong></span> <span class='ocrx_word' id='word_1_225' title='bbox 453 3280 558 3359; x_wconf 89' lang='lat' dir='ltr'><strong>miles,</strong></span> <span class='ocrx_word' id='word_1_226' title='bbox 586 3280 641 3341; x_wconf 88' lang='lat' dir='ltr'><strong>sed</strong></span> <span class='ocrx_word' id='word_1_227' title='bbox 670 3290 822 3341; x_wconf 89' lang='lat' dir='ltr'><strong>mortuum</strong></span> <span class='ocrx_word' id='word_1_228' title='bbox 851 3282 934 3342; x_wconf 86' lang='lat' dir='ltr'><strong>huno</strong></span> <span class='ocrx_word' id='word_1_229' title='bbox 965 3287 998 3342; x_wconf 89' lang='lat' dir='ltr'><strong>et</strong></span> <span class='ocrx_word' id='word_1_230' title='bbox 1022 3300 1042 3341; x_wconf 87' lang='lat' dir='ltr'><strong>a</strong></span> <span class='ocrx_word' id='word_1_231' title='bbox 1073 3300 1108 3341; x_wconf 89' lang='lat' dir='ltr'><strong>se</strong></span> <span class='ocrx_word' id='word_1_232' title='bbox 1131 3290 1201 3361; x_wconf 85' lang='lat' dir='ltr'><strong>pr&#39;o·</strong></span> 
     </span>
     <span class='ocr_line' id='line_1_34' title="bbox 280 3362 1202 3446; baseline 0.002 -24"><span class='ocrx_word' id='word_1_233' title='bbox 280 3371 411 3423; x_wconf 84' lang='lat' dir='ltr'><strong>stratum</strong></span> <span class='ocrx_word' id='word_1_234' title='bbox 424 3362 558 3423; x_wconf 43' lang='lat' dir='ltr'><strong>,leonem</strong></span> <span class='ocrx_word' id='word_1_235' title='bbox 592 3382 660 3424; x_wconf 88' lang='lat' dir='ltr'><strong>eum</strong></span> <span class='ocrx_word' id='word_1_236' title='bbox 689 3363 802 3425; x_wconf 81' lang='lat' dir='ltr'><strong>ilduoia</strong></span> <span class='ocrx_word' id='word_1_237' title='bbox 817 3364 1010 3446; x_wconf 83' lang='lat' dir='ltr'><strong>excipiet¹),</strong></span> <span class='ocrx_word' id='word_1_238' title='bbox 1032 3371 1135 3425; x_wconf 86' lang='lat' dir='ltr'><strong>tamen</strong></span> <span class='ocrx_word' id='word_1_239' title='bbox 1157 3365 1202 3424; x_wconf 91' lang='lat' dir='ltr'><strong>in·</strong></span> 
     </span>
     <span class='ocr_line' id='line_1_35' title="bbox 281 3444 1249 3526; baseline 0.004 -20"><span class='ocrx_word' id='word_1_240' title='bbox 281 3446 369 3506; x_wconf 81' lang='lat' dir='ltr'><strong>terim</strong></span> <span class='ocrx_word' id='word_1_241' title='bbox 396 3444 532 3526; x_wconf 83' lang='lat' dir='ltr'><strong>gaudere</strong></span> <span class='ocrx_word' id='word_1_242' title='bbox 566 3448 770 3525; x_wconf 89' lang='lat' dir='ltr'><strong>permittimus</strong></span> <span class='ocrx_word' id='word_1_243' title='bbox 802 3450 944 3509; x_wconf 90' lang='lat' dir='ltr'><strong>miseram</strong></span> <span class='ocrx_word' id='word_1_244' title='bbox 982 3449 1201 3510; x_wconf 75' lang='lat' dir='ltr'><strong>conscientiam</strong></span> <span class='ocrx_word' id='word_1_245' title='bbox 1247 3507 1249 3524; x_wconf 84' lang='grc'>,</span> 
     </span>
     <span class='ocr_line' id='line_1_36' title="bbox 279 3528 1202 3614; baseline 0.002 -26"><span class='ocrx_word' id='word_1_246' title='bbox 279 3528 425 3589; x_wconf 83' lang='lat' dir='ltr'><strong>simulata</strong></span> <span class='ocrx_word' id='word_1_247' title='bbox 446 3542 501 3609; x_wconf 87' lang='lat' dir='ltr'><strong>spe</strong></span> <span class='ocrx_word' id='word_1_248' title='bbox 523 3530 666 3611; x_wconf 88' lang='lat' dir='ltr'><strong>triumphi</strong></span> <span class='ocrx_word' id='word_1_249' title='bbox 700 3538 731 3591; x_wconf 91' lang='lat' dir='ltr'><strong>et</strong></span> <span class='ocrx_word' id='word_1_250' title='bbox 764 3550 845 3592; x_wconf 87' lang='lat' dir='ltr'><strong>vana</strong></span> <span class='ocrx_word' id='word_1_251' title='bbox 874 3532 1024 3591; x_wconf 87' lang='lat' dir='ltr'><strong>minarum</strong></span> <span class='ocrx_word' id='word_1_252' title='bbox 1045 3532 1202 3614; x_wconf 58' lang='lat' dir='ltr'><strong>iaetantia,</strong></span> 
     </span>
     <span class='ocr_line' id='line_1_37' title="bbox 279 3610 1202 3697; baseline 0.002 -26"><span class='ocrx_word' id='word_1_253' title='bbox 279 3612 374 3693; x_wconf 85' lang='lat' dir='ltr'><strong>Igitur</strong></span> <span class='ocrx_word' id='word_1_254' title='bbox 395 3610 477 3673; x_wconf 90' lang='lat' dir='ltr'><strong>addo</strong></span> <span class='ocrx_word' id='word_1_255' title='bbox 500 3618 531 3672; x_wconf 90' lang='lat' dir='ltr'><strong>et</strong></span> <span class='ocrx_word' id='word_1_256' title='bbox 558 3631 616 3693; x_wconf 88' lang='lat' dir='ltr'><strong>ego</strong></span> <span class='ocrx_word' id='word_1_257' title='bbox 644 3616 720 3675; x_wconf 86' lang='lat' dir='ltr'><strong>meis</strong></span> <span class='ocrx_word' id='word_1_258' title='bbox 744 3612 1006 3697; x_wconf 85' lang='lat' dir='ltr'><strong>propositionibus</strong></span> <span class='ocrx_word' id='word_1_259' title='bbox 1029 3614 1202 3675; x_wconf 81' lang='lat' dir='ltr'><strong>tertiumde·</strong></span> 
     </span>
     <span class='ocr_line' id='line_1_38' title="bbox 281 3693 1203 3778; baseline 0.003 -24"><span class='ocrx_word' id='word_1_260' title='bbox 281 3696 391 3755; x_wconf 76' lang='lat' dir='ltr'><strong>cimam</strong></span> <span class='ocrx_word' id='word_1_261' title='bbox 414 3695 622 3758; x_wconf 81' lang='lat' dir='ltr'><strong>adversariam</strong></span> <span class='ocrx_word' id='word_1_262' title='bbox 638 3696 801 3760; x_wconf 63' lang='lat' dir='ltr'><strong>Romanae</strong></span> <span class='ocrx_word' id='word_1_263' title='bbox 821 3696 1009 3778; x_wconf 80' lang='lat' dir='ltr'><strong>iracundiae,</strong></span> <span class='ocrx_word' id='word_1_264' title='bbox 1032 3693 1090 3758; x_wconf 89' lang='lat' dir='ltr'><strong>Dei</strong></span> <span class='ocrx_word' id='word_1_265' title='bbox 1111 3697 1203 3759; x_wconf 87' lang='lat' dir='ltr'><strong>fuerit</strong></span> 
     </span>
    </p>
   </div>
   <div class='ocr_carea' id='block_1_4' title="bbox 293 3901 1284 4120">
    <p class='ocr_par' dir='ltr' id='par_1_6' title="bbox 293 3901 1284 4120">
     <span class='ocr_line' id='line_1_39' title="bbox 334 3901 1284 3981; baseline 0 -20"><span class='ocrx_word' id='word_1_266' title='bbox 334 3908 396 3970; x_wconf 72' lang='lat' dir='ltr'><strong>*ll</strong></span> <span class='ocrx_word' id='word_1_267' title='bbox 421 3908 490 3977; x_wconf 77' lang='lat' dir='ltr'><strong>[teg.</strong></span> <span class='ocrx_word' id='word_1_268' title='bbox 511 3906 554 3962; x_wconf 82' lang='lat'><strong>18.</strong></span> <span class='ocrx_word' id='word_1_269' title='bbox 602 3906 805 3981; x_wconf 51' lang='lat' dir='ltr'><strong>-‘!*)2Reg.</strong></span> <span class='ocrx_word' id='word_1_270' title='bbox 825 3901 870 3962; x_wconf 72' lang='lat'><strong>22¹.</strong></span> <span class='ocrx_word' id='word_1_271' title='bbox 1103 3925 1106 3932; x_wconf 77' lang='grc'><strong>’</strong></span> <span class='ocrx_word' id='word_1_272' title='bbox 1279 3946 1284 3949; x_wconf 89' lang='grc'>-</span> 
     </span>
     <span class='ocr_line' id='line_1_40' title="bbox 293 3973 1202 4048; baseline -0.003 -13"><span class='ocrx_word' id='word_1_273' title='bbox 293 4030 295 4035; x_wconf 88' lang='grc'><em>,</em></span> <span class='ocrx_word' id='word_1_274' title='bbox 336 3980 369 4045; x_wconf 72' lang='grc'><strong>1)</strong></span> <span class='ocrx_word' id='word_1_275' title='bbox 388 3978 464 4033; x_wconf 74' lang='lat' dir='ltr'><strong>Haeo</strong></span> <span class='ocrx_word' id='word_1_276' title='bbox 483 3978 583 4033; x_wconf 76' lang='lat' dir='ltr'><strong>serbo:</strong></span> <span class='ocrx_word' id='word_1_277' title='bbox 622 3978 676 4031; x_wconf 73' lang='lat' dir='ltr'><strong>Sed</strong></span> <span class='ocrx_word' id='word_1_278' title='bbox 695 3988 775 4031; x_wconf 72' lang='lat' dir='ltr'><strong>er·-</strong></span> <span class='ocrx_word' id='word_1_279' title='bbox 794 3980 928 4048; x_wconf 73' lang='lat' dir='ltr'><strong>excipiet,</strong></span> <span class='ocrx_word' id='word_1_280' title='bbox 956 3974 1057 4031; x_wconf 74' lang='lat' dir='ltr'><strong>deserit</strong></span> <span class='ocrx_word' id='word_1_281' title='bbox 1081 3978 1109 4029; x_wconf 77' lang='lat' dir='ltr'><strong>iit</strong></span> <span class='ocrx_word' id='word_1_282' title='bbox 1137 3973 1202 4032; x_wconf 76' lang='lat' dir='ltr'><strong>edit.</strong></span> 
     </span>
     <span class='ocr_line' id='line_1_41' title="bbox 388 4048 1049 4120; baseline 0.005 -17"><span class='ocrx_word' id='word_1_283' title='bbox 388 4050 460 4120; x_wconf 73' lang='lat' dir='ltr'><strong>opp,</strong></span> <span class='ocrx_word' id='word_1_284' title='bbox 479 4051 555 4103; x_wconf 80' lang='lat' dir='ltr'><strong>Luth.</strong></span> <span class='ocrx_word' id='word_1_285' title='bbox 575 4048 633 4103; x_wconf 84' lang='lat' dir='ltr'><strong>Jen.</strong></span> <span class='ocrx_word' id='word_1_286' title='bbox 654 4050 825 4105; x_wconf 68' lang='lat' dir='ltr'><strong>alwintona.</strong></span> <span class='ocrx_word' id='word_1_287' title='bbox 986 4071 990 4078; x_wconf 77' lang='grc'><strong>’</strong></span> <span class='ocrx_word' id='word_1_288' title='bbox 1047 4071 1049 4076; x_wconf 95' lang='grc'><strong><em>·</em></strong></span> 
     </span>
    </p>
   </div>
   <div class='ocr_carea' id='block_1_5' title="bbox 0 0 1542 4775">
    <p class='ocr_par' dir='ltr' id='par_1_7' title="bbox 0 0 1542 4775">
     <span class='ocr_line' id='line_1_42' title="bbox 0 0 1542 4775; baseline 0 0"><span class='ocrx_word' id='word_1_289' title='bbox 0 0 1542 4775; x_wconf 95' lang='lat' dir='ltr'><strong> </strong></span> 
     </span>
    </p>
   </div>
  </div>
 </body>
</html>
