3075 4775
272 582 276 593 ·
313 544 378 614 476
619 546 746 620 11ρὶ01010
761 549 821 605 lob.
840 550 915 604 110011

315 736 460 797 editionis
482 738 619 799 lenensis
642 743 673 798 et
693 739 794 811 illurn,
817 755 907 817 quarn
929 735 1084 798 Loescher
1102 733 1239 798 reddidit
1305 765 1310 774 ·

312 821 344 880 in
365 819 452 880 Actis
473 821 610 883 Reform.
634 822 674 882 lll
694 842 724 902 p,
738 823 800 885 214
822 838 889 901 sqq.
915 828 946 881 et
967 824 1026 885 591
1049 839 1114 900 sqq.

558 987 707 1072 Epistola
729 987 882 1054 Iohannis
904 987 990 1053 Ecaii

313 1106 408 1165 missa
430 1105 582 1183 exLipsia
604 1105 642 1166 ad
657 1106 809 1166 famosum
833 1112 863 1166 et
883 1104 1085 1166 reverendum
1101 1099 1237 1178 Patrem,

312 1187 345 1250 F.
379 1188 482 1250 Iacob.
510 1188 733 1266 Hochstraten,
777 1189 956 1270 Magistrum
994 1189 1026 1248 in
1061 1185 1238 1264 Theologia

313 1278 467 1349 nostrum,
511 1273 541 1332 in
565 1293 625 1354 qua
646 1271 795 1348 ostendit,
819 1271 927 1352 quibus
951 1271 1123 1350 scripturis,
1146 1287 1236 1348 argu-

315 1356 425 1414 mentis
455 1360 487 1416 01
513 1356 685 1416 rationibus
708 1355 879 1416 defenderit
906 1354 1051 1415 articulos
1073 1353 1237 1413 Romanae

312 1438 463 1508 ecclesiae
496 1440 527 1498 in
560 1439 767 1519 disputatione
796 1439 917 1520 Lipaica
950 1445 1058 1498 contra
1085 1434 1123 1498 D.
1145 1435 1236 1495 Mart.

478 1522 644 1583 Lutherum
664 1541 746 1582 anno
769 1519 929 1586 muxlx.
952 1521 1066 1582 habita.

474 1628 653 1700 Salut'em
674 1642 714 1700 in
736 1641 902 1702 Domino
922 1640 1011 1700 lesu
1027 1641 1077 1714 *1.

394 1773 464 1836 Non
487 1785 518 1836 te
539 1778 699 1856 praeterit,
732 1775 913 1836 Reverende
935 1773 1041 1853 Pater,
1074 1770 1235 1852 quomodo

312 1878 361 1916 me
406 1858 555 1919 hactenus
604 1861 802 1939 apposuerim
845 1858 1013 1918 temerariis
1056 1853 1235 1914 hominibus

311 1939 579 2022 Vuittembergae,
620 1961 728 2005 omnes
760 1943 914 2004 Doctores
947 1960 965 2000 a
999 1939 1235 2018 quadringentis

311 2025 416 2099 annis,
452 2027 647 2104 quantumvis
670 2025 700 2088 S.
730 2033 761 2086 et
790 2027 918 2102 doctos,
953 2020 1235 2098 contemnentibus,

311 2114 342 2167 et
363 2106 460 2167 muita
479 2109 558 2169 falsa
580 2115 611 2170 01
634 2128 764 2170 erronea
785 2109 822 2169 iu'
840 2107 986 2188 populum
1000 2103 1235 2182 seminantibus3

311 2192 506 2270 potissimum
530 2199 622 2271 caput
643 2192 732 2252 huius
756 2191 895 2252 scandali
924 2211 980 2270 per
1013 2189 1235 2269 impressiones

310 2271 435 2354 linguae
457 2280 584 2335 nostrae
606 2274 730 2354 vulgum
753 2275 873 2336 seducit
894 2277 925 2334 01
946 2271 1053 2336 inficit.

392 2355 568 2418 Novissime
602 2357 990 2439 disputavimus'Lipsiae,
1028 2358 1058 2416 in
1092 2353 1235 2433 frequen-

311 2438 431 2501 tissimo
465 2440 617 2501 auditorio
652 2442 912 2503 doctissimorum¹
934 2442 1083 2516 virorum,
1119 2436 1235 2517 ubique

310 2524 576 2599 convenientium,
609 2523 660 2586 nbi
694 2525 777 2601 (laus
807 2526 891 2603 Deo,
925 2524 1025 2583 honor
1053 2530 1083 2582 et
1104 2520 1231 2604 gloria)

309 2606 471 2686 plurimbm
496 2610 657 2669 imminuta
679 2616 726 2669 est
748 2628 854 2669 eorum
879 2608 1002 2687 opinio,
1036 2606 1127 2665 etiam
1149 2604 1235 2684 apud

310 2688 451 2771 vulgum,
485 2690 566 2771 apud
596 2692 705 2755 doctos
728 2712 803 2753 vero
825 2710 881 2773 pro
905 2690 1013 2750 maiori
1035 2696 1123 2769 parte
1142 2686 1237 2767 lapsa

246 2851 250 2859 Ι
310 2781 377 2850 est,
414 2773 553 2835 audisses
585 2774 743 2836 hominum
767 2776 986 2851 temeritatem,
1023 2791 1113 2851 quam
1147 2772 1237 2831 caeci

312 2862 437 2932 suntet
459 2857 498 2917 ad
520 2858 657 2919 facinora
678 2858 884 2939 imperterriti.

392 2938 494 3021 Negat
514 2940 681 3020 Lutherus,
704 2941 826 3002 Petrum
850 2940 944 3001 irrisae
966 2939 1136 3019 principem
1159 2956 1235 3017 apo-

310 3022 475 3097 stolorum,
512 3031 607 3105 negat
642 3022 850 3085 obedientiam
885 3022 1128 3085 eeclesiasticam
1163 3039 1235 3079 esse

310 3102 350 3165 de
370 3105 436 3167 iure
457 3105 579 3187 divina,
614 3107 669 3167 sed
690 3107 826 3169 humano
855 3126 1008 3168 consensu
1032 3104 1081 3163 vel
1103 3106 1235 3183 impera

312 3190 386 3249 toris
422 3189 586 3251 inductam.
628 3190 731 3271 Negat
762 3212 855 3271 super
886 3186 1007 3250 Petrum
1041 3186 1234 3247 aedificatam

309 3272 488 3333 ecclesiam:
528 3272 626 3352 Super
655 3274 736 3333 hanc
766 3282 885 3355 petram
917 3278 975 3333 etc.
1024 3270 1064 3330 m
1096 3270 1166 3329 dum
1204 3271 1235 3329 ei

310 3356 530 3434 Augustinum,
553 3357 789 3437 Hieronymum,
808 3354 1014 3433 Ambrosium,
1039 3354 1236 3433 Gregorium,

310 3436 513 3518 cyprianum,
537 3439 809 3521 chrysostomum,
831 3440 966 3501 Leonem
991 3443 1021 3497 01
1043 3435 1239 3497 Bernardum·

310 3541 402 3601 super
435 3523 489 3584 illo
513 3523 697 3584 adducerem
729 3544 798 3585 cum
820 3522 1009 3603 Theophila,
1049 3518 1156 3580 omnes
1181 3538 1236 3579 ue·

309 3606 395 3684 gavit
416 3603 535 3685 absque
557 3605 684 3687 rubore,
721 3615 752 3667 01
772 3627 808 3669 ae
829 3626 922 3667 unum
944 3605 1022 3665 dixit
1056 3602 1135 3663 velle
1157 3604 1235 3663 resi-

309 3695 391 3749 stere
419 3689 517 3767 mille,
550 3691 636 3751 nullo
671 3691 732 3751 alio
763 3690 876 3766 fultus,
912 3689 969 3749 nisi
1000 3687 1071 3765 quia
1093 3684 1235 3747 Christus

308 3780 392 3832 esset
412 3771 644 3833 fundamentum
665 3775 826 3853 ecclesiae,
851 3780 882 3834 et
902 3770 985 3832 aliud
1000 3769 1235 3830 tundamentum

527 3936 737 3943 -.-—-—--—----·-

334 4023 335 4026 ¹
382 3999 412 4065 *l
432 4002 476 4053 Ex
504 4000 548 4054 ed,
560 4001 687 4070 lenensi,
708 4018 745 4055 ex
763 4018 820 4073 qua
839 4007 932 4054 textus
952 4006 997 4054 est
1014 4000 1146 4071 redditus,
1168 4012 1236 4059 sunt

239 4110 245 4116 .
310 4072 394 4123 etiam
413 4079 496 4125 notae
515 4074 654 4142 repetitae.
852 4090 854 4102 ·
