3075 4775
534 537 562 586 at
581 532 765 588 Saarameutc
787 526 979 588 eucharistiae.
1150 531 1213 604 429

293 716 476 780 haberemus
509 716 571 779 hoc
597 723 840 798 sacramentum,
872 716 954 779 haud
988 719 1057 780 sciri
1084 725 1215 799 poteret,
1312 735 1316 741 ·

294 798 418 881 quinam
444 798 625 880 Christiani,
656 807 709 862 aut
737 801 789 862 ubi
810 810 930 882 essent,
957 803 1030 866 item
1052 803 1084 862 in
1107 802 1216 882 quihus

294 902 368 945 suos
389 881 503 944 fructus
526 885 721 964 evangelium
743 883 858 950 ederet.

378 965 491 1026 Verum
521 985 590 1026 cum
623 969 777 1046 occipiunt
808 967 950 1028 homines
980 976 1216 1048 sacramentum,

295 1048 460 1127 videmus,
484 1054 516 1111 et
537 1052 588 1130 qui
611 1051 672 1112 siut
693 1050 753 1130 illi,
789 1051 841 1130 qui
862 1049 990 1112 audiunt
1011 1049 1216 1131 evangelium,

295 1139 327 1194 et
359 1152 431 1192 num
466 1131 558 1213 digne
586 1132 759 1196 Christiano
794 1135 919 1196 nomine
952 1133 1117 1197 ambulent.
1142 1169 1143 1172 κ
1167 1132 1218 1197 Sic

295 1235 352 1276 ceu
374 1215 524 1295 quaedam
548 1225 623 1277 nota
642 1216 704 1276 hoc
726 1224 951 1278 sacramentum
974 1223 1035 1292 est,
1070 1237 1131 1298 quc
1158 1236 1217 1278 nos

294 1299 508 1380 agnoscimur,
530 1299 614 1379 quod
635 1297 835 1380 profiteamur
856 1319 970 1361 nomen
991 1299 1059 1376 Dei,
1081 1308 1112 1360 et
1134 1298 1216 1378 quod

279 1382 354 1444 ‘noe
378 1380 474 1442 divini
497 1381 580 1445 verbi
602 1403 665 1452 nou
689 1382 813 1462 pudeat.

379 1465 410 1526 Si
431 1467 525 1547 igitur
534 1466 620 1546 Papa
641 1475 695 1526 aut
713 1466 793 1536 alius
814 1467 926 1546 impius
948 1474 1096 1546 tyrannus
1114 1465 1217 1546 videat

295 1557 326 1610 te
359 1555 520 1628 utramque
553 1551 736 1611 sacramenti
769 1551 906 1630 speciem
937 1549 1094 1629 accipere,
1135 1548 1218 1610 videt

295 1641 412 1695 certum
435 1632 654 1712 testimonium,
676 1631 760 1713 quod
782 1633 1025 1714 hancevangelii
1047 1634 1216 1694 doctrinam

295 1716 419 1796 probes.
461 1715 641 1797 indignetur
673 1717 781 1798 igitur,
815 1723 846 1776 et
883 1716 942 1776 vim
979 1734 1036 1778 ceu
1070 1716 1217 1780 adversus

295 1798 483 1860 haereticum
507 1807 612 1880 parat,
646 1800 725 1862 bene
751 1805 854 1860 autem
884 1805 947 1860 tum
977 1807 1076 1861 tecum
1107 1801 1218 1881 egitur,

297 1902 367 1943 nam
391 1888 422 1942 et
442 1883 603 1943 sicactum
626 1891 673 1943 est
696 1902 762 1943 cum
776 1881 955 1943 Christianis
980 1883 1063 1962 olim,
1086 1885 1136 1962 qui
1157 1883 1219 1944 hoc

295 1974 490 2026 sacramento
512 1967 693 2046 religionem
717 1985 804 2027 suam
827 1963 1026 2026 testabantur.

380 2047 606 2110 Prohibuerunt
633 2052 693 2111 iam
724 2069 782 2110 nos
806 2049 844 2111 eb
869 2056 996 2129 utraque
1025 2050 1128 2129 specie
1156 2049 1217 2128 epi·

296 2133 399 2212 scopi,
434 2133 460 2191 si
490 2135 539 2212 qui
571 2151 645 2212 ergo
675 2133 828 2192 Christum
857 2129 994 2213 profiteri
1023 2132 1142 2211 volent,
1173 2131 1218 2192 iili

297 2223 457 2294 utramque
468 2215 603 2296 speciem
618 2217 783 2296 accipiunt,
806 2222 868 2276 turn
880 2216 980 2278 scient
993 2216 1112 2295 reliqui,
1135 2216 1218 2294 quod

296 2297 460 2358 Christiani
490 2300 567 2376 sint,
596 2306 629 2360 ct
648 2300 774 2360 verbum
797 2299 853 2360 Dei
876 2299 1009 2379 probent
1030 2318 1067 2362 ac
1089 2318 1218 2378 sequan-

297 2392 353 2444 tur.
387 2379 419 2443 si
436 2402 503 2443 eom
520 2383 612 2463 igitur
626 2381 666 2444 cb
684 2403 749 2443 rem
773 2384 819 2443 vis
844 2384 888 2443 eis
910 2381 1064 2459 afferatur,
1086 2392 1118 2445 et
1139 2385 1217 2445 occi-

296 2463 416 2544 dantur,
437 2467 592 2547 patiantur
614 2486 681 2527 eam
705 2467 863 2545 iniuriam,
889 2466 999 2527 reddet
1020 2468 1101 2529 enirn
1125 2469 1218 2547 longe

295 2547 534 2631 splendidiorem
557 2551 651 2611 vitam
674 2550 766 2628 Deus,
790 2567 880 2629 quam
902 2549 981 2611 haec
1002 2551 1050 2611 sit.

381 2630 483 2707 Quare
501 2632 604 2714 placet
620 2630 703 2711 mihi,
726 2631 809 2713 quod
831 2643 1056 2695 sacramentum
1078 2633 1140 2693 hoc
1165 2654 1217 2693 uo-

295 2722 361 2776 etro
375 2723 514 2797 tempore
529 2718 736 2797 persecutioni
748 2714 898 2797 praebeat
916 2718 1124 2795 occasionem,
1148 2734 1218 2777 nam

296 2800 321 2859 si
345 2818 454 2861 omues
477 2798 508 2859 id
531 2800 700 2880 probarent
720 2818 759 2859 ac
780 2806 1008 2878 revererentur,
1037 2802 1088 2879 qui
1111 2808 1218 2881 posset

298 2901 371 2943 vera
393 2880 503 2945 adesse
526 2883 703 2948 consessio?
732 2884 791 2943 iam
815 2903 883 2945 cum
905 2884 1091 2964 ignominia,
1113 2890 1218 2943 contu·

296 2965 409 3045 melia,
437 2964 570 3046 denique
598 2966 680 3028 vitae
702 2966 840 3047 pericula
861 2966 933 3028 inde
955 2966 1044 3031 nobis
1071 2984 1218 3027 eneruau-

298 3056 362 3126 tur,
389 3053 483 3129 atque
507 3050 562 3110 itu
592 3050 695 3112 omnia
724 3057 850 3130 propter
871 3050 956 3111 illum
979 3049 1218 3129 consessionem,

296 3140 381 3192 recte
397 3132 559 3195 nobiscum
572 3133 681 3214 agitur,
703 3135 784 3193 sicut
804 3152 928 3215 quoque
950 3133 1024 3195 olim
1047 3152 1114 3193 curu
1139 3134 1218 3195 veris

297 3214 479 3277 Christianis
502 3217 533 3277 iu
556 3218 711 3297 primitive
732 3216 865 3278 ecclesia
886 3226 934 3277 est
955 3223 1065 3279 actum.

381 3296 476 3361 Porro
498 3298 562 3361 dixi
584 3318 722 3381 quoque,
751 3322 814 3361 non
838 3300 912 3361 satis
935 3320 1013 3379 esse,
1035 3300 1061 3360 si
1084 3300 1218 3379 accipias

296 3391 539 3459 sacramentum,
568 3383 621 3443 sed
652 3390 775 3463 oportet
802 3393 831 3443 te
854 3402 977 3465 quoque
1000 3389 1115 3443 certum
1139 3402 1219 3461 esse,

297 3474 329 3526 et
361 3465 441 3528 bene
475 3468 620 3529 munitum
658 3468 828 3530 rationibus
862 3486 1016 3529 sacrarum
1053 3467 1219 3545 literarum,

297 3549 407 3630 quibus
430 3557 462 3611 et
483 3559 514 3614 te
535 3550 715 3629 confirmes,
738 3559 769 3611 et
792 3550 858 3611 aliis
881 3568 1023 3631 quoque,
1046 3551 1071 3610 si
1093 3549 1125 3610 id
1147 3570 1166 3610 a
1189 3557 1218 3611 te

298 3634 487 3714 postuletur,
508 3636 661 3708 rationem
684 3636 726 3696 tui
749 3635 821 3694 sacti
844 3634 918 3695 dare
941 3653 1053 3715 queas,
1082 3642 1127 3713 ut,
1149 3652 1218 3695 cum

297 3718 345 3778 vis
370 3718 423 3778 tibi
440 3738 515 3788 eam
537 3716 578 3781 ob
600 3738 665 3784 rem
686 3717 848 3791 offeratur,
877 3719 977 3798 poesis
1000 3720 1112 3781 sactum
1136 3726 1219 3785 tuum

209 3823 211 3830 ·
298 3800 566 3863 conthatanam
583 3808 615 3863 et
632 3801 776 3862 muudum
798 3801 903 3864 divino
927 3801 1021 3863 verbo
1044 3801 1219 3863 defendere.

381 3884 485 3961 Quare
512 3905 576 3947 uon
603 3887 719 3965 poteris
746 3885 871 3947 alterius
901 3884 962 3945 fide
984 3887 1054 3965 niti,
1088 3884 1219 3945 eumad
1253 3900 1256 3907 ’

297 3979 524 4031 sacramentum
549 3970 691 4047 accedis,
719 3970 929 4049 unusquisque
958 3989 1013 4049 pro
1036 3967 1218 4031 accredere

297 4053 401 4132 debet,
423 4056 503 4117 sicut
518 4056 727 4134 uuusquisque
742 4072 800 4134 pro
818 4072 852 4115 se
873 4071 997 4133 quoque
1019 4056 1127 4113 contra
1148 4070 1218 4131 pec
