3075 4775
301 501 313 526 ⁰
357 509 421 576 482
587 509 1041 582 Epistolarhil.ids1anchthonis

358 703 495 774 temera,
517 713 559 756 na
581 695 653 774 quid
675 695 844 756 immodico
867 695 971 755 animo
995 694 1110 754 dictum
1131 692 1290 754 rideatur.

359 779 506 839 atussa
530 778 638 839 studiis
659 779 832 858 literarum,
860 797 898 838 ac
920 779 1112 858 potissimum
1134 778 1166 836 in
1188 795 1290 856 nego-

358 865 402 923 tio
425 863 561 942 pietatis,
582 861 657 921 nihil
680 869 755 942 puto
778 879 880 941 neque
901 862 1097 942 priusnequc
1119 860 1289 920 salutarius

359 963 528 1028 congressu
549 945 691 1005 familiari
714 945 875 1006 doctorum
897 963 936 1004 ac
956 943 1118 1021 bonorum,
1140 943 1191 1003 ubi
1216 961 1288 1003 aen-

357 1031 454 1089 tentia
476 1047 547 1088 aum
568 1028 736 1107 sententia,
769 1027 898 1110 placidis
930 1047 967 1088 ao
997 1027 1166 1106 tranquillis
1196 1026 1289 1086 mini-

317 1131 320 1143 ·
359 1130 469 1192 meque
503 1111 710 1192 pertinacibus
739 1111 863 1190 animis,
899 1111 1070 1189 confertur,
1105 1109 1157 1170 ubi
1178 1127 1287 1188 neque

358 1196 441 1255 vinci
462 1195 643 1255 indecorum
665 1202 727 1270 est,
749 1213 851 1274 neque
873 1189 1004 1254 vincere‘
1019 1192 1191 1274 plausibile.
1236 1191 1288 1252 lta

357 1279 412 1338 vix
433 1277 515 1338 aliud
548 1297 661 1338 censeo
690 1279 894 1358 perniciosius
916 1276 1114 1357 popularibus
1136 1275 1197 1335 illis
1221 1273 1286 1334 dis-

358 1361 594 1441 ceptationibus,
615 1361 667 1421 ubi
687 1380 750 1421 non
774 1367 879 1441 potest
890 1360 1084 1440 quantumvis
1105 1359 1195 1419 bonis
1218 1377 1286 1418 non

357 1445 537 1525 obstrepere
557 1446 706 1505 victoriae
720 1462 806 1504 cura.
839 1444 905 1506 Scis
928 1451 971 1521 tu,
987 1463 1078 1522 quam
1097 1442 1192 1501 multa
1213 1461 1286 1520 pru-

359 1527 466 1588 denter
501 1528 531 1587 in
575 1526 657 1588 hanc
693 1529 878 1588 sententiam
914 1527 1027 1589 scribat
1058 1526 1286 1596 Nazianzenus,

358 1630 450 1690 quam
473 1611 569 1671 multa
588 1613 662 1671 itam
685 1611 832 1671 Erasmus
854 1617 969 1672 noster.
1160 1613 1163 1616 ’

440 1695 504 1754 lam
527 1713 603 1754 vero
626 1702 813 1754 convenerat
837 1693 876 1754 dc
897 1694 1042 1770 notariis,
1075 1691 1283 1770 nequeenim

358 1777 448 1837 aliter
480 1777 659 1857 persuaderi
680 1785 804 1857 poterat
825 1775 1075 1854 Oaroloatadius,
1108 1775 1179 1852 qui,
1212 1792 1283 1833 cum

358 1862 488 1941 primum
511 1867 688 1941 susceptum
711 1869 758 1920 est
779 1867 949 1938 certamen,
970 1859 1013 1923 ibi
1035 1863 1136 1920 certos
1159 1875 1286 1936 quoque
1393 1913 1394 1922 ,

358 1944 475 2003 iudices
497 1943 652 2024 designari
672 1944 770 2004 voluit
782 1943 913 2025 Eamus,
935 1963 997 2004 non
1020 1941 1175 2003 recusavit
1188 1939 1285 2000 Oaro-

358 2026 518 2087 lostadiua.
560 2027 668 2106 ltaque
696 2027 745 2086 die
769 2027 889 2088 XXVll.
919 2027 1034 2086 niensis
1054 2024 1133 2086 lunii
1155 2041 1285 2104 congre·

255 2147 270 2167 s
361 2107 486 2170 diuntur
518 2110 668 2170 lohannes
697 2109 809 2170 Eccius
842 2116 873 2170 et
895 2107 1138 2170 Carolostadius.
1181 2107 1229 2166 De
1251 2107 1285 2166 li-

360 2193 437 2255 bero
460 2192 586 2253 arbitrio
609 2196 802 2273 propositum
825 2199 887 2270 cst,
922 2213 961 2253 an
985 2193 1024 2252 sit
1045 2189 1172 2270 aliquod
1193 2189 1284 2250 nobis

359 2271 580 2359 αὐθαίρετον,
602 2275 717 2336 bonum
740 2295 835 2356 opus,
857 2275 918 2336 hoc
940 2283 1000 2362 est,
1034 2282 1066 2335 ut
1087 2275 1147 2355 ipsi
1169 2273 1284 2351 dicunt,

359 2377 398 2418 an
433 2357 472 2418 de
508 2377 646 2439 congruo
678 2379 851 2421 mereamur
872 2361 1017 2440 gratiam,
1053 2377 1122 2419 cum
1143 2356 1284 2436 facimus,

358 2440 441 2520 quod
474 2443 505 2501 in
540 2441 631 2503 nobis
661 2452 716 2504 eat.
767 2444 846 2505 Utor
883 2445 964 2503 enim
998 2444 1134 2522 ipsorum
1169 2440 1280 2502 verbis.

358 2525 515 2585 floccum
538 2527 588 2607 agi
610 2526 751 2605 deberet,
787 2526 859 2587 vide
895 2544 1042 2609 quorsum
1080 2525 1282 2585 contentione

356 2610 436 2687 rapti
467 2609 546 2687 sint,
580 2616 611 2669 et
640 2612 672 2670 in
706 2628 785 2688 quos
814 2610 960 2691 scopulos
982 2609 1177 2689 impegerint.
1220 2606 1281 2687 ngr

358 2690 507 2770 debebat,
531 2692 603 2771 quid
625 2712 681 2773 per
702 2712 771 2753 sese
795 2694 870 2753 citra
891 2692 1020 2774 gratiam
1043 2697 1151 2771 posset
1173 2690 1281 2751 volun·

358 2781 405 2835 tas
428 2781 545 2836 nostra.
589 2776 651 2855 lpsi
674 2778 886 2854 quaestionem
909 2776 972 2837 alio
993 2776 1130 2855 rapiunt,
1154 2779 1186 2835 et
1207 2792 1281 2853 qua·

358 2865 428 2919 tuor
449 2857 543 2918 credo
567 2860 731 2920 continuos
754 2859 873 2919 diesin
896 2878 934 2920 ao
957 2857 1141 2939 disceptant,
1165 2876 1205 2917 an
1228 2875 1280 2917 vo-

311 2978 317 2984 .
358 2940 460 3001 luntas
481 2948 599 3002 tantum
620 2944 750 3023 recipiat
777 2940 892 3004 bonum
916 2962 1009 3023 opus,
1041 2943 1205 3021 ipsumque
1227 2940 1280 3001 bo-

357 3042 431 3083 num
463 3042 541 3104 opus
569 3026 638 3085 sola
665 3025 780 3086 efficiat
809 3025 930 3107 gratia?
966 3026 999 3086 lu
1021 3025 1077 3085 has
1100 3024 1280 3104 Symplega-

358 3108 412 3167 das
435 3116 605 3188 coegerunt
627 3127 753 3168 causam
776 3129 839 3169 non
861 3110 904 3169 ita
926 3109 1055 3169 multum
1076 3108 1279 3186 necessarias,

357 3197 389 3250 et
408 3190 500 3271 plane
524 3192 643 3251 alienas
664 3191 703 3253 ab
725 3192 864 3253 instituto
889 3192 1105 3253 Carolostadii.

439 3273 531 3335 Dedit
551 3274 677 3355 Eccius,
716 3276 746 3334 in
781 3276 942 3337 voluntate
973 3285 1080 3335 nostra
1111 3292 1174 3333 non
1210 3292 1279 3334 esse

357 3358 418 3417 vim
449 3359 631 3437 genuinam,
666 3376 726 3437 qua
758 3378 836 3439 opus
871 3359 986 3421 bonum
1018 3356 1187 3439 producas,
1224 3356 1278 3417 sed

356 3440 520 3500 ascititiam
549 3447 682 3518 tantum,
715 3460 846 3521 eamque
879 3462 970 3523 quam
1003 3442 1144 3502 foeneret
1169 3441 1278 3519 gratia,

355 3521 387 3581 id
420 3523 502 3601 quod
533 3525 663 3603 primum
696 3524 857 3587 videbatur
886 3544 1077 3605 oppugnare.
1119 3522 1278 3583 Deindea

357 3605 574 3666 Carolostadio
611 3613 755 3687 rogatus,
802 3609 1020 3689 largireturne,
1064 3613 1160 3668 totum
1200 3626 1277 3687 opus

355 3687 469 3749 bonum
493 3707 562 3749 esse
584 3708 603 3749 a
624 3689 707 3767 Deo,
741 3692 902 3772 respondit
924 3698 1021 3753 totum
1045 3690 1185 3770 quidem,
1213 3709 1276 3750 nou

355 3779 457 3831 autem
480 3772 622 3836 totaliter.
655 3773 739 3834 Ecce
761 3781 874 3853 autem,
897 3782 930 3835 ut
952 3781 1092 3855 argutum
1112 3774 1174 3834 hoc
1196 3791 1277 3833 com-

355 3863 501 3937 mentum,
524 3856 651 3935 dignum
668 3858 830 3920 maiestate
845 3858 1014 3939 theologici
1030 3858 1173 3933 nominis,
1197 3863 1275 3917 adeo

352 3936 471 4016 λόγους
492 3938 636 4020 auditam
657 3942 753 4000 cuivis
774 3942 868 4002 bodie
891 3942 1018 4003 liberum
1042 3948 1099 4002 est.
1142 3939 1274 4000 Primum

353 4021 466 4082 latetur
485 4022 599 4083 Eccius
622 4022 818 4086 uoluntatem
846 4045 865 4085 a
886 4026 954 4088 Deo
983 4026 1120 4105 moveri,
1152 4024 1273 4105 deindo,
