3075 4775
565 548 584 585 s
599 532 721 587 Katanis
738 537 865 601 exapta
1108 524 1174 599 200

246 719 311 781 Hoc
332 726 384 779 est
405 715 489 797 quud
511 715 593 794 dixi,
623 723 820 797 peccatorem
841 722 915 797 post
933 717 1173 783 mevaniensis

247 805 342 885 teneri
365 801 408 861 ad
428 820 553 861 crucem
565 807 599 861 et
617 802 781 880 passiones
790 801 883 878 vitae,
907 800 1075 863 secuudum
1088 801 1173 883 quod

246 887 327 946 Deus
349 884 503 962 intulerit,
537 901 613 963 quas
644 903 708 945 non
730 885 831 965 possit
850 884 946 945 homo
967 884 1108 964 solvens,
1140 893 1174 949 st

244 972 354 1031 iterum
369 969 451 1029 liaeo
470 967 618 1027 autoritas
641 986 698 1047 pro
720 986 771 1028 me
790 967 873 1029 facit.

243 1076 248 1084 ¹
324 1052 411 1132 Eos,
443 1052 496 1131 qni
517 1071 536 1110 a
567 1048 801 1132 quadringentis
821 1050 911 1111 annis
931 1049 1071 1130 fuerunt,
1102 1070 1168 1114 uos

247 1136 383 1213 adducit,
406 1144 438 1195 et
449 1134 562 1215 placet.
574 1133 624 1194 Ad
636 1133 834 1215 cyprianum,
855 1132 990 1215 epistola
998 1133 1040 1194 ad
1052 1133 1171 1217 It'idum,

247 1220 296 1281 ubi
323 1219 455 1279 damnat
474 1217 678 1297 Therapium,
710 1217 794 1298 quod
828 1235 1039 1298 praepropere
1059 1236 1171 1299 paoem

246 1302 377 1363 dederat
389 1302 517 1379 Victori,
539 1312 705 1381 antequam
728 1300 852 1382 plenam
874 1302 991 1381 egisset
1010 1302 1171 1381 poeniten·

247 1388 330 1464 fiam,
354 1392 387 1445 et
401 1386 535 1445 Domino
548 1384 764 1446 satisfecisset:
787 1384 880 1462 Ecce,
902 1384 1010 1464 inquit,
1031 1402 1097 1445 nou
1118 1403 1170 1447 sc·

247 1470 381 1544 clasiae,
417 1468 473 1529 sed
501 1469 634 1529 Domino
663 1487 726 1529 non
755 1468 946 1529 satisfecisse
968 1466 1043 1529 dicit
1066 1468 1170 1531 Victo·

247 1573 320 1615 rem.
371 1552 576 1631 Respondeo:
611 1551 707 1632 Legat
740 1558 773 1613 et
808 1550 948 1613 conferat
983 1549 1170 1631 Cypriauum

247 1636 327 1697 bene
346 1636 392 1696 Ι).’
406 1635 444 1697 D.
466 1640 499 1695 et
516 1636 654 1695 inveniet
677 1654 732 1697 eos
755 1623 966 1715 etism,’qucs
986 1636 1056 1715 paci
1076 1634 1170 1697 deda·

247 1730 332 1797 rant,
368 1717 440 1779 ideo
473 1718 563 1779 datos
584 1736 654 1779 esse
676 1720 745 1798 paci
768 1720 861 1779 etism
883 1736 1109 1799 praepropere,
1137 1726 1172 1782 ut

247 1822 356 1863 cruces
379 1810 411 1862 et
422 1802 567 1882 martyria
578 1800 750 1882 expeditius
764 1803 960 1865 sustinerent.
1003 1799 1091 1877 Quae
1102 1803 1171 1883 ipse

247 1906 302 1966 per
324 1884 438 1945 multas
452 1884 599 1965 epistolas
613 1886 742 1965 exponit
762 1904 832 1946 esse
852 1902 972 1966 poenas
993 1892 1027 1945 et
1046 1884 1171 1967 flagella

247 1970 457 2050 propeccatis
478 1969 576 2029 aDeo
597 1966 724 2033 inflicta.
768 1967 871 2045 Quare
883 1968 990 2029 Victor
1001 1966 1063 2029 hoo
1074 1968 1170 2031 modo

247 2053 386 2114 nondum
409 2052 557 2111 satisfecit
577 2053 662 2131 Deo3
684 2061 715 2113 et
736 2060 841 2113 mmen
858 2050 1016 2131 satisfecit,
1037 2052 1170 2132 quiaeo·
1267 2058 1272 2075 '

248 2137 379 2215 clasiae,
402 2154 494 2214 quam
516 2154 574 2197 nas
600 2136 666 2195 vult
687 2136 900 2216 audireDeus,
923 2135 1079 2200 satisfecit.
1101 2135 1172 2199 Hoc

248 2222 330 2281 enim
354 2218 471 2279 habent
492 2217 587 2279 verba
609 2218 730 2300 Christi,
753 2219 837 2300 quod
860 2220 993 2281 ecclesia
1014 2218 1108 2281 debet
1117 2220 1171 2281 im·

247 2322 366 2383 ponere
383 2320 513 2381 poenas,
535 2302 658 2381 quando
679 2303 766 2365 dicit:
789 2301 1004 2382 Quodcunque
1017 2302 1171 2385 ligaveris.

249 2388 287 2448 Et
318 2389 384 2447 hoc
411 2385 504 2448 modo
532 2405 658 2467 possem
687 2387 870 2467 admittere,
893 2388 993 2450 Deum
1016 2389 1173 2469 requirere

248 2490 383 2552 poenas,
413 2489 489 2550 quas
513 2470 646 2532 ecclesia
666 2473 766 2552 possit
786 2471 923 2550 solvere,
953 2471 1027 2550 quia
1046 2479 1170 2553 pactum

247 2556 319 2616 fecit
341 2573 411 2614 cum
433 2553 495 2614 ilfa.
909 2597 916 2606 ,

334 2636 443 2698 Altera
464 2638 612 2703 autoritas
636 2637 781 2720 Cypriani
813 2637 853 2699 ad
882 2637 1074 2720 Cornelium,
1110 2655 1172 2718 qua

249 2724 360 2783 iterum
385 2719 507 2802 scribit,
538 2721 712 2783 haereticos
738 2721 889 2802 impedire
916 2727 1100 2801 peccantes,
1130 2741 1172 2782 ue

246 2805 421 2886 indignanti
444 2805 510 2864 Deo
544 2805 743 2866 satisfaciant.
786 2803 968 2883 Quanquam
999 2803 1171 2884 Cyprianus

246 2889 287 2950 ibi
310 2887 351 2948 de
368 2888 598 2967 poenitentibus
612 2908 683 2960 non,
698 2888 843 2967 loquitur,
865 2886 921 2949 sed
943 2887 982 2947 de
997 2887 1170 2966 haereticis,

247 2974 307 3052 qui
323 2979 469 3049 tanquam
492 2972 563 3031 iusti
585 2979 617 3031 et
638 2974 726 3053 quasi
749 2970 829 3034 bene
849 2972 1012 3049 fecissent,
1039 2987 1171 3032 excusa·

246 3062 359 3116 verunt
395 3061 427 3114 et
449 3053 651 3116 defenderunt
672 3073 707 3116 se
727 3055 760 3114 in
783 3057 921 3137 peccatis
953 3055 1035 3133 suis,
1066 3061 1173 3119 “mets

247 3136 429 3219 respondeo
452 3139 531 3199 sicut
554 3136 593 3198 ad
615 3141 759 3218 priorem.
1191 3181 1194 3186 -

329 3221 407 3282 Post
426 3220 505 3282 haec
532 3220 651 3284 addidit
671 3223 841 3284 rationem:
863 3221 914 3282 Ad
934 3219 1009 3300 quid
1036 3219 1171 3282 ecclesia

248 3306 341 3367 vellet
354 3323 433 3365 onus
447 3306 607 3385 imponere
618 3306 857 3387 poenitentibus,
880 3307 906 3366 si
927 3303 1004 3364 illud
1016 3304 1170 3366 Dominus

247 3408 310 3450 non
333 3383 440 3470 exigit,
462 3397 494 3449 et
505 3388 631 3470 longam
648 3391 844 3452 autoritatem
857 3385 1170 3468 allegatGapitulum.

247 3471 334 3547 Quae
356 3472 473 3532 inducit
493 3475 606 3552 omnia,
629 3482 770 3552 transeo,
797 3481 829 3534 et
849 3473 938 3549 dico,
967 3469 1050 3550 quod
1071 3470 1171 3532 accle-

247 3559 311 3616 siae
333 3557 514 3618 mandatum
537 3567 599 3637 est,
633 3567 667 3619 ut
688 3561 819 3639 castiget
840 3565 871 3618 et
892 3553 1008 3618 iudicet
1026 3562 1171 3635 peccato·

245 3661 305 3722 res,
328 3641 411 3722 quod
433 3643 458 3701 si
480 3642 679 3722 confecerit,
700 3643 785 3704 Deus
800 3636 1049 3701 irremissibiliter
1067 3637 1171 3716 facist,

245 3727 331 3786 iuxta
351 3723 536 3787 senteutiam
551 3726 637 3787 Pauli
649 3729 788 3810 superius
800 3722 967 3785 adductam
989 3725 1018 3785 1.
1034 3721 1105 3786 cor.
1119 3725 1168 3786 11.

248 3815 278 3870 et
299 3811 345 3870 sic
367 3827 430 3870 non
454 3817 559 3889 potest
580 3809 670 3872 solvi.

330 3894 417 3970 Item,
439 3892 520 3953 idem
539 3893 675 3954 Humilia
696 3895 746 3958 31.
769 3888 1034 3971 superEbraeos:
1055 3888 1168 3949 Pecca-

249 3982 310 4036 tum
339 3977 536 4038 coufessione
558 3979 713 4039 minuitur.
757 3975 893 4054 Exque
923 3973 1019 4033 verbo
1049 3970 1170 4050 colligit

248 4059 283 4120 D.
304 4061 342 4124 D.
365 4063 396 4120 in
418 4060 663 4122 huncmcdum:
707 4059 778 4119 Non
801 4057 946 4118 minuitur
980 4052 1084 4133 quoad
1105 4052 1167 4112 out-

274 4167 365 4206 nunes
379 4177 430 4216 opp.
445 4168 471 4208 v.
488 4169 514 4208 u.
528 4169 557 4207 au
571 4169 611 4207 rer.
625 4169 675 4207 aas
689 4168 704 4206 ι.
718 4179 740 4216 p.
755 4167 805 4208 vot.
820 4169 859 4206 ur.
1005 4136 1044 4198 14

515 4319 540 4388 i.
