3075 4775
353 532 417 601 298
584 539 679 595 limi·
696 542 728 597 lu.
745 559 831 615 nuper
850 548 1043 616 Proponitiollo

355 730 491 800 queant,
529 724 581 803 qui
609 726 870 793 immotissima
896 734 959 795 ion
979 732 1032 794 (liu
1055 731 1283 794 cacumine

355 804 566 884 opprobnodi
602 808 752 874 haeretici
788 817 936 891 nominis,
968 818 1011 877 ita
1042 818 1073 877 in
1107 814 1282 877 iudicandis

354 889 487 949 eliorum
522 891 646 973 scriptia
681 897 920 978 obstupuerunt,
955 908 990 959 et
1019 900 1059 960 ad
1091 898 1281 959 audiendam

354 974 515 1033 vamtatem
539 972 766 1054 obduruerunt,
801 984 925 1060 suisque
952 982 1150 1063 opinionibus
1174 980 1282 1043 chaur-

352 1054 502 1132 duerunt,
533 1068 570 1120 ut
591 1063 643 1121 vix
674 1063 811 1125 minoen
839 1065 943 1125 diuino
976 1066 1123 1146 quopiam
1150 1064 1282 1127 excitari

353 1156 449 1217 poam
470 1140 643 1205 videantur.

436 1222 482 1287 Ut
508 1225 539 1286 id
567 1236 703 1306 taceam,
737 1248 829 1309 quam
869 1230 1066 1292 intolerabile
1096 1231 1136 1290 sit
1173 1230 1285 1293 leviter

352 1323 487 1390 urguere
508 1329 574 1388 aon,
596 1312 648 1391 qni
669 1331 688 1371 e
709 1314 899 1392 templo-Dei
920 1315 1101 1394 speluncam
1123 1314 1282 1375 latronum

351 1386 494 1453 temtum
515 1401 548 1453 et
567 1414 586 1455 e
607 1394 764 1475 Scriptura
780 1397 837 1457 Dei
860 1399 1017 1479 negotium
1041 1398 1213 1474 hominum,
1230 1398 1284 1457 eb-

354 1477 578 1539 ominationem
609 1497 677 1538 enm
699 1498 718 1538 e
738 1479 811 1540 loco
833 1486 942 1541 nancto
965 1488 997 1541 et
1018 1480 1155 1541 Christus
1176 1479 1285 1561 flagel-

356 1558 395 1619 lis
417 1559 543 1638 pepulit,
565 1567 597 1621 et
617 1560 729 1621 Paulus
751 1562 827 1623 dure
847 1563 1058 1643 increpandos
1080 1564 1201 1624 censuit
1222 1563 1282 1623 hos

355 1642 548 1721 vaniloquos.
570 1643 650 1705 Nam
670 1644 702 1704 id
724 1650 896 1727 coguntur,
922 1647 1030 1726 velint,
1053 1646 1164 1723 nolint,
1187 1645 1290 1707 conti·-

358 1726 432 1802 ten',
462 1744 568 1787 seems
598 1727 705 1789 literas
734 1720 850 1808 pasaiin
873 1732 904 1790 in
926 1729 1152 1791 universalibus
1173 1728 1281 1789 auidiis

356 1806 451 1868 luisse
480 1810 643 1890 neglectae
674 1813 818 1890 penitus,
855 1814 1048 1893 quantumvis
1074 1832 1145 1873 sese
1168 1808 1284 1873 iactent

356 1889 534 1970 Scripturas
562 1894 737 1975 intelligere
766 1896 943 1977 religiosius
981 1896 1116 1957 humano
1152 1895 1283 1956 aliorum

356 1992 464 2050 sensu,
486 1995 579 2055 quam
601 1977 721 2038 illarum
745 1980 881 2059 proprio.
927 1980 996 2060 ligo
1021 1978 1095 2039 mihi
1107 1978 1180 2039 nolo
1204 1978 1285 2039 banc

358 2060 479 2119 eanmri
506 2059 713 2139 cantilenam,
744 2081 803 2123 nec
832 2062 976 2124 saltitcbo
1013 2062 1052 2123 ad
1079 2081 1159 2122 eam.
1204 2062 1284 2123 Volo

358 2158 420 2199 non
435 2140 539 2203 iudice
554 2142 689 2205 humano
711 2144 760 2205 die
775 2144 971 2225 Scriptorum,
994 2145 1049 2207 aed
1060 2145 1219 2225 Scriptura
1239 2146 1285 2204 iu-

356 2220 426 2281 dice
441 2226 579 2286 omnium
590 2226 749 2287 hominum
764 2230 888 2309 scripta,
902 2228 994 2307 diota,
1008 2228 1090 2289 sacta
1103 2227 1286 2309 intelligere.

441 2307 619 2387 Postremo,
651 2312 790 2371 omnium
813 2312 974 2373 criminum
995 2312 1121 2373 nomina
1147 2310 1288 2371 modeste

356 2393 391 2452 ct
411 2392 565 2470 patienter
577 2392 694 2474 tulisse,
725 2395 793 2456 laus
816 2403 891 2456 esto.
936 2395 1130 2476 Adapolium
1154 2395 1288 2456 nominis

358 2473 532 2552 Christiani,
545 2478 684 2557 rapinam
707 2478 826 2559 gloriae
837 2479 904 2550 Dei,
924 2479 1162 2560 abnegationem
1176 2477 1288 2538 Christi

360 2555 462 2638 (quod
493 2560 678 2636 moliuntur,
709 2563 760 2640 qui
788 2562 974 2623 haereticum
998 2569 1060 2622 tem
1086 2560 1178 2622 facilc
1199 2580 1289 2640 quarn

359 2647 475 2702 temere
504 2644 727 2726 pronunciant)
751 2646 933 2726 agnovisse,
963 2663 1001 2706 ac
1028 2664 1091 2706 non
1114 2645 1219 2724 potius
1241 2664 1290 2704 us·

357 2741 418 2868 qpe
440 2724 479 2786 ad
501 2728 682 2807 sanguinem
702 2728 844 2790 omnihus
867 2727 980 2789 viribus
1002 2728 1198 2804 reclamasse,
1220 2747 1290 2788 ana·

357 2813 462 2868 temo
483 2810 532 2869 ait.

444 2891 587 2971 Proinde,
610 2895 661 2972 qni
684 2913 735 2955 me
756 2896 925 2976 patientem
950 2893 1135 2970 desiderant,
1156 2893 1289 2972 primum

358 2975 424 3035 alio
448 2993 540 3054 quam
571 2977 744 3055 haeretico,
774 2975 892 3058 perfido
916 2983 947 3037 et
967 2979 1141 3056 apostatico
1166 2977 1292 3038 nonnae

357 3058 575 3119 criminentur:
599 3066 659 3137 ant,
683 3061 766 3139 quod
790 3061 913 3136 debent,
935 3060 1028 3120 talem
1051 3078 1101 3119 me
1121 3077 1194 3120 esee
1208 3061 1289 3138 prius

357 3141 554 3205 convincant.
609 3143 719 3223 Neque
752 3145 834 3204 enim
873 3143 950 3204 mihi
987 3143 1147 3203 retollasne
1182 3142 1292 3203 videor

359 3241 546 3303 quemquam
578 3226 684 3285 talium
707 3228 956 3304 criminatorum,
986 3226 1107 3286 etiamsi
1136 3227 1291 3286 sexcentis

359 3307 536 3368 nominihus
567 3307 654 3369 malis
678 3329 733 3370 eos
756 3329 945 3371 onerasaem.
987 3309 1131 3369 Haeresis
1149 3309 1232 3368 enim
1255 3310 1291 3370 si·

359 3388 443 3449 milia
464 3390 521 3451 sibi
551 3400 688 3453 monstra
717 3413 780 3454 non
809 3393 916 3471 habet,
954 3411 1021 3451 cum
1053 3393 1092 3451 sit
1126 3399 1289 3471 peceatum

358 3474 390 3532 in
427 3474 564 3552 spiritum
597 3483 746 3536 sanctum.
791 3475 983 3555 Quemquam
1010 3476 1125 3535 intutus
1153 3476 1291 3535 omnium

358 3554 542 3616 Sanctorum
566 3560 718 3637 exempla,
743 3565 774 3619 et
786 3561 987 3639 impotentem
1002 3557 1124 3618 illorum
1141 3558 1290 3631 animum,

357 3638 408 3718 qui
432 3644 494 3698 tem
518 3640 639 3701 celebre
680 3641 741 3702 hcc
771 3643 885 3703 crimen
914 3641 1044 3717 iaciunt,
1076 3657 1179 3720 paene
1219 3641 1292 3702 mihi

358 3721 542 3802 persuadeo,
566 3743 627 3784 non
652 3725 751 3801 miuus
765 3715 922 3804 ferendum
938 3743 1007 3786 esse
1019 3723 1177 3800 haeretici,
1200 3743 1291 3804 quam

359 3806 506 3886 cuiusque
517 3806 581 3866 vitii
596 3807 809 3885 opprobrium:
828 3808 950 3886 quando
966 3816 996 3867 et
1009 3805 1163 3866 Christum
1177 3805 1292 3868 babere

362 3888 559 3950 daemonium
582 3887 687 3948 ludaei
716 3891 926 3966 insaniebant,
955 3889 1136 3968 obsequium
1159 3889 1227 3951 Deo
1260 3911 1293 3950 ee

360 3977 519 4054 praestare
540 3967 687 4028 arbitrati.
732 4015 737 4022 .

446 4055 577 4127 Verum,
607 4053 675 4110 utut
696 4052 751 4130 sit,
775 4052 885 4114 nullius
904 4067 1041 4136 persona
1061 4073 1198 4135 unquam
1219 4057 1293 4117 mihi
