3075 4775
632 542 668 596 de
686 544 874 601 matrimonio.
1149 541 1213 606 447

290 745 402 808 porem
422 728 454 791 in
476 723 588 791 Adam.
630 729 770 806 Cumque
792 726 1009 805 obdormisset
1031 728 1100 788 tulit
1121 748 1213 794 unum

292 810 334 873 de
354 811 451 872 coatia
472 811 556 887 eius,
586 821 619 870 et
639 810 769 889 replevit
790 829 913 872 carnem
935 829 994 890 pro
1014 829 1062 872 ee
1105 811 1146 872 Et
1160 831 1214 872 ae-
1291 825 1296 834 '

291 893 430 957 dificavit
449 901 587 971 eostam,
615 913 707 972 quom
729 895 842 954 tulerat
862 893 903 954 de
924 892 1034 962 Adam.
1056 895 1086 956 in
1108 895 1214 964 mulie·

290 997 367 1038 rem,
395 977 436 1036 Et
456 975 586 1036 adduxit
607 996 676 1038 enm
698 981 738 1038 ud
760 977 871 1036 Adam.
906 977 983 1036 Tum
1007 975 1123 1038 Adam:
1145 976 1215 1040 Hoc

289 1079 374 1120 nunc
396 1079 433 1120 oa
454 1080 496 1118 ex
516 1059 638 1120 oucibus
662 1062 757 1136 meis,
793 1068 825 1120 et
856 1079 929 1122 caro
958 1059 1112 1121 decarne
1134 1080 1213 1122 mou.

291 1144 429 1204 Vocetur
460 1149 563 1203 autem
594 1144 719 1222 virago,
759 1145 904 1222 quonium
933 1142 972 1204 de
1001 1144 1068 1204 viro
1091 1153 1214 1224 uumpta

291 1233 351 1288 eet
393 1225 562 1304 Propterea
598 1226 751 1305 relinquet
783 1225 878 1288 homo
908 1232 1028 1306 patrem
1062 1247 1149 1286 sunm
1182 1231 1215 1290 et

271 1315 438 1387 'matrem‚
459 1317 491 1370 et
510 1308 686 1370 adhaerebit
711 1311 800 1370 uxori
822 1329 912 1386 snae,
935 1317 966 1370 et
988 1319 1078 1372 erunt
1098 1309 1160 1370 duo
1182 1312 1212 1372 in

290 1411 386 1454 earne
406 1411 477 1452 nna.
1078 1465 1079 1468 Ἴ

374 1476 461 1536 Haec
494 1477 599 1542 omnia
630 1486 703 1534 aunt
722 1475 818 1535 verba
837 1475 911 1551 Dei,
950 1475 1059 1552 quibus
1092 1477 1149 1536 viri
1183 1485 1216 1536 et

291 1561 398 1620 uxoria
425 1558 586 1618 exordium
609 1557 805 1634 describitur,
838 1563 997 1619 eteorum
1026 1559 1214 1635 coniunctio,

291 1651 325 1704 et
356 1642 556 1721 quamobrem
589 1643 671 1702 faeta
701 1641 830 1719 mulier,
862 1643 995 1720 denique
1028 1644 1095 1719 qnia
1126 1661 1215 1703 amor

291 1745 363 1786 enee
383 1725 477 1788 debet
496 1727 576 1786 inter
596 1726 754 1804 coniuges,

376 1807 535 1882 Secundo,
567 1807 692 1886 quando
721 1808 805 1867 Deus
838 1825 901 1866 non
931 1808 1091 1888 coniungit
1113 1811 1214 1873 matri-
1313 1813 1316 1820 ’

292 1893 449 1958 monium,
471 1898 510 1956 et
531 1910 594 1952 non
615 1891 706 1951 adest
726 1910 783 1950 eeu
805 1889 981 1968 pronubus,
1016 1901 1078 1950 tum
1101 1892 1215 1954 accidit

292 1984 326 2036 ut
345 1975 444 2050 solet,
473 1974 556 2053 quod
578 1975 629 2036 liic
649 1975 835 2050 insinnetur,
855 1971 985 2050 exhor,
1007 1974 1091 2052 quod
1112 1975 1212 2038 Adnm

291 2058 407 2128 nullom
430 2059 548 2119 invenit
569 2059 747 2137 coniugem,
777 2057 879 2118 donec
906 2059 935 2116 ei
957 2057 1133 2136 provideret
1151 2059 1214 2120 Do-

292 2145 392 2204 miuus
427 2141 465 2200 de
487 2141 590 2219 Heva,
624 2160 715 2221 quani
737 2162 807 2200 eum
829 2139 973 2217 vidisset,
1005 2143 1110 2221 coepit
1130 2149 1213 2204 recte

289 2243 397 2287 amare
424 2235 456 2285 et
489 2223 647 2286 sinceriter
668 2243 863 2304 cognoscens
884 2223 966 2304 apud
987 2244 1022 2284 se
1043 2224 1124 2286 hano
1144 2245 1214 2288 aare

289 2310 455 2389 onningen
476 2326 574 2370 auam.

375 2394 506 2451 iuvenca
527 2410 603 2471 ergo
626 2396 659 2451 et
679 2392 715 2464 ii,
737 2409 866 2469 quornm
890 2394 1010 2452 animus
1032 2400 1088 2469 eut,
1114 2395 1213 2454 mutri-

293 2476 430 2537 monium
452 2475 570 2549 subire,
605 2474 739 2535 docendi
768 2482 841 2535 sunt
861 2474 969 2535 sedulo
998 2482 1031 2535 et
1051 2476 1215 2555 diligenter

293 2558 444 2621 orandum
467 2577 546 2633 eoae,
569 2562 601 2617 ut
614 2556 863 2617 Dominna'Deus
885 2557 1027 2637 dignetur
1049 2558 1214 2637 disponere

253 2680 259 2685 ·
291 2642 368 2703 felix
389 2642 577 2721 coniugium.
618 2639 667 2701 Ad
705 2638 788 2717 quod
816 2638 965 2701 Salomon
993 2642 1084 2704 etiam
1111 2640 1213 2703 hurta-

251 2794 256 2799 ,
293 2735 352 2803 tur,
373 2724 498 2785 dicens:
521 2724 639 2785 Domus
660 2731 693 2782 et
713 2724 839 2784 divitiae
860 2722 971 2783 dantur
992 2744 1012 2783 a
1027 2723 1215 2803 parentibus,

291 2828 312 2868 a
343 2808 478 2869 Domino
505 2814 608 2867 autem
635 2807 760 2886 proprie
790 2814 869 2867 u‘xor
895 2806 1039 2886 prudens.
1081 2806 1169 2867 Heva
1195 2828 1213 2867 a

292 2891 363 2954 solo
383 2890 450 2951 Deo
471 2890 562 2953 Adae
581 2909 733 2950 concessa
753 2897 810 2949 est.

274 3048 285 3059 ·
375 2974 563 3053 [territaque
591 2991 716 3054 magna=
735 2974 767 3032 in
790 2981 959 3053 conspectu
982 2974 1038 3035 Dei
1061 2974 1215 3037 matrimol

293 3059 377 3119 nium
398 3065 457 3133 eet,
478 3058 599 3118 tametsi
621 3054 798 3136 imprudens
815 3059 969 3134 iuventus,
989 3060 1021 3117 in
1043 3076 1104 3137 qua
1124 3056 1214 3117 allec-

294 3151 344 3201 tus
365 3140 577 3218 dominantur,
609 3138 790 3219 plerumque
818 3141 899 3201 eirea
919 3141 982 3201 hoc
1002 3148 1091 3203 errat.
1134 3140 1212 3201 Nam

278 3226 408 3300 =factum
429 3233 478 3285 est
506 3227 788 3301 continentum,
820 3230 852 3283 et
878 3223 1049 3285 admirabili
1079 3222 1213 3302 quodam

294 3308 443 3386 coneilio,
464 3306 549 3387 quod
570 3308 721 3369 Dominus
742 3307 827 3368 Deus
849 3307 950 3368 solum
971 3308 1128 3369 hominem
1153 3328 1214 3371 ma-

293 3392 440 3454 trimonio
479 3390 645 3471 copulavit„
688 3390 825 3469 Reliquis
856 3390 1062 3453 animantibus
1096 3399 1214 3455 tautum
1296 3444 1301 3448 .

293 3475 385 3535 dixit:
410 3474 547 3535 Crescite
569 3481 601 3533 et
621 3474 874 3553 multiplicamini,
897 3492 961 3535 non
973 3473 1130 3535 adducens
1154 3496 1214 3537 ma-

292 3557 413 3619 rculum
434 3557 473 3617 ad
496 3557 673 3619 foeminam.
717 3555 806 3617 Unde
833 3563 865 3616 et
891 3558 970 3617 inter
991 3556 1080 3617 bruta
1100 3560 1215 3619 anima·

293 3642 338 3703 lio
361 3642 585 3701 matrimonium
609 3660 671 3701 non
694 3648 751 3701 eet
773 3639 861 3700 Adae
877 3649 979 3700 autem
1002 3642 1118 3703 creavit
1138 3660 1214 3703 uxo-

293 3745 358 3787 rem
382 3744 421 3784 ex
442 3726 568 3804 propria
588 3730 693 3800 costa,
720 3722 864 3799 adduxit,
886 3730 918 3784 et
938 3727 1143 3787 consentienti
1165 3743 1214 3785 ec-

294 3809 492 3888 ceptantique
513 3808 678 3886 copulavit.

377 3891 492 3968 Tertio,
515 3897 620 3951 oreeta
641 3899 690 3951 eet
703 3910 782 3950 uxor
795 3909 832 3949 ea
855 3908 957 3967 causa,
980 3900 1013 3949 ut
1034 3890 1212 3951 essetadiu-

295 3977 407 4036 torinm
428 3976 484 4035 viri
506 3993 575 4034 oum
597 3977 627 4033 in
650 3974 792 4033 omnibus
814 3972 921 4052 rebus,
950 3979 1012 4032 tum
1036 3974 1212 4053 praecipue,

294 4068 328 4119 nt
353 4058 466 4119 liberos
488 4063 660 4138 generaret,
682 4056 712 4117 id
734 4055 828 4116 hodie
848 4055 949 4116 adhuc
966 4056 1146 4116 observatur
1169 4064 1213 4117 ut·
