3075 4775
512 585 516 595 ·
591 578 609 613 a
625 560 750 614 liotortis
766 564 893 631 exceptat
1133 558 1194 628 101

162 749 163 770 ¹
270 752 313 812 ita
333 752 487 811 iactanter
502 770 573 811 sum
592 752 624 809 in
647 756 735 811 mato
746 768 895 811 oonaessu
912 750 1024 831 msera,
1046 770 1083 813 se
1101 769 1194 813 uuum
1233 818 1235 827 ,

271 834 351 894 velie
371 835 520 895 resistere
543 834 634 894 mille.
677 834 724 894 lta
740 832 834 895 habet
849 835 1016 914 veritaset
1037 837 1195 917 nogotium

271 919 300 977 iu
319 918 502 997 apostolatu
524 924 557 977 et
578 916 693 977 ordinis
716 918 877 999 dignitato.
920 919 1064 998 Apostoli
1087 938 1195 1003 omues

273 1001 392 1061 fuorunt
414 1000 573 1080 aequales,
594 1001 656 1061 hoe
677 1020 765 1061 saera
782 999 948 1081 Scriptura,
969 1002 1030 1063 hoo
1043 1002 1072 1063 S.
1089 1002 1195 1071 Patres
1248 1072 1253 1079 „

272 1085 445 1145 voluerunt
487 1084 594 1144 Palam
616 1081 691 1143 dieit
710 1084 918 1163 Hieronymus
947 1102 1010 1145 uon
1032 1084 1195 1165 reprehen-

272 1167 351 1228 disse
373 1168 509 1245 Petrum,
531 1168 556 1227 si
579 1169 671 1228 seirat
692 1186 726 1227 se
754 1169 913 1247 imparem.
957 1168 1003 1227 Ita
1027 1169 1194 1231 ennomus

274 1270 338 1311 ean.
374 1251 409 1311 in
440 1270 534 1326 novo,
557 1250 632 1310 dioit
656 1250 818 1330 apostolos
841 1250 963 1329 aequati
986 1248 1017 1332 1)
1041 1258 1196 1332 potestate
1246 1281 1249 1290 ·

271 1334 405 1395 dotatos.
432 1334 495 1394 ita
517 1333 698 1413 Cyprianus,
720 1335 765 1393 ita
787 1339 818 1393 et
837 1332 900 1396 aiii.
924 1334 1000 1395 Guru
1023 1354 1097 1415 orgo
1120 1336 1193 1396 Pau

271 1418 315 1477 ius
335 1418 430 1477 fuerit
450 1416 629 1501 designatus
652 1417 813 1497 apostolus
847 1439 868 1477 a
887 1416 1030 1496 Christo,
1061 1419 1196 1499 ingenue

271 1500 355 1577 dixit,
389 1519 425 1560 se
446 1518 508 1559 uon
531 1498 570 1560 ab
590 1500 733 1576 homine,
761 1518 865 1578 neque
892 1519 947 1579 per
968 1498 1132 1562 homiu'em¹
1147 1520 1195 1561 ae

270 1585 413 1663 espisse,
437 1588 469 1643 et
490 1582 573 1662 quod
592 1582 730 1644 Jaoobus
752 1589 784 1643 ot
806 1582 912 1643 Petrus
934 1583 991 1645 sibi
1024 1584 1099 1646 nihil
1124 1603 1196 1645 oon·

270 1667 428 1743 tulerunt,
459 1666 564 1727 ouiuia
586 1667 667 1725 euim
688 1667 749 1725 iata
769 1665 810 1725 ad
832 1666 1041 1746 apostolatum
1063 1668 1194 1729 referen-

270 1748 309 1809 da
329 1756 411 1809 sunt
941 1798 944 1807 .
982 1770 987 1781 ¹

352 1830 447 1892 Aliud
469 1849 542 1892 vero
575 1837 622 1891 est
646 1831 684 1892 de
706 1820 866 1911 potestate
896 1833 1055 1912 regiminis
1089 1840 1121 1895 et
1142 1832 1196 1895 ad-

270 1916 512 1991 ministrationis,
534 1914 586 1975 ubi
607 1932 739 1975 nouoors
762 1922 810 1975 est
832 1914 860 1975 S.
883 1914 1009 1976 Petrum
1030 1918 1194 1995 sententia,

269 1998 435 2060 eouoiiium
457 2004 566 2057 eontra
586 1993 762 2061 iohannem
783 1998 864 2058 Huse
887 1997 926 2058 ad
950 1999 1049 2079 ipsum
1072 1999 1194 2060 Petrum
1291 2068 1294 2075 ,

268 2080 444 2142 huiusmodi
479 2082 642 2160 primatum
676 2082 871 2161 pertinuisse.
914 2080 984 2142 Nou
1015 2102 1088 2163 ergo
1111 2090 1195 2144 raote

268 2167 362 2227 utitur
384 2182 492 2224 saonae
514 2162 689 2243 Scripturas
712 2165 910 2241 testimoniis,
941 2164 996 2225 sad
1024 2186 1076 2225 eas
1106 2166 1195 2242 atior

269 2253 335 2308 suin
358 2248 453 2309 trahit
472 2260 529 2325 pro
553 2266 608 2307 suo
631 2248 772 2323 arbitrio,
809 2254 916 2309 eontra
943 2267 1034 2327 quam
1065 2248 1195 2312 Sanetus

269 2330 401 2412 Spiritus
434 2328 596 2411 efflagitat.
640 2330 730 2406 Quod
756 2332 838 2392 enim
877 2330 971 2392 hodie
1003 2331 1197 2413 ponderabat

269 2415 397 2476 Panium
427 2414 560 2491 dixisse,
596 2415 669 2475 nihii
690 2415 804 2475 referre
826 2414 867 2476 ad
888 2433 974 2493 eum,
1003 2417 1109 2494 quales
1131 2417 1193 2478 stre-

271 2499 339 2577 n'nt,
362 2517 426 2558 uon
448 2497 509 2557 hoo
538 2497 621 2576 quod
641 2497 769 2558 volebat
797 2497 983 2559 reverendus
1005 2499 1115 2576 Potor,
1138 2499 1193 2562 sed

270 2579 519 2662 hoesignifloat,
541 2575 881 2643 Peoum'etmcobum
904 2586 936 2643 et
957 2588 1076 2643 eeteros
1103 2583 1197 2644 fuisse

271 2664 384 2726 idiotas
416 2672 447 2724 et
478 2664 577 2724 miuus
599 2665 733 2743 peritos,
766 2671 932 2744 autequam
961 2683 1029 2726 oum
1061 2665 1195 2726 Domino

272 2748 493 2826 ambulassent,
517 2747 613 2807 etsie
634 2747 717 2808 Deus
739 2767 904 2827 personam
926 2766 989 2808 nou
1013 2749 1133 2828 eooipit.

352 2830 417 2893 Sed
438 2831 564 2908 inquiet,
587 2837 620 2890 ut
640 2837 688 2891 est
709 2829 892 2891 eordaeulus
907 2829 952 2907 ²),
973 2831 1035 2891 hoe
1051 2837 1098 2891 est
1114 2849 1198 2890 eom·

271 2921 408 2974 mentum
430 2913 607 2976 Eoeiauum.
640 2913 738 2994 Legat
760 2913 956 2974 Ambrosium
980 2911 1091 2974 eodem
1115 2914 1196 2991 loeo,

271 2999 320 3075 qai
342 2997 529 3058 senteutiam
555 2981 639 3056 Pauli
668 3016 731 3057 uon
763 3016 963 3077 eorrumpeus
991 2998 1125 3076 ingenue
1155 3004 1197 3060 te·
1235 3055 1238 3064 ,

255 3078 383 3158 ''statur,
421 3074 585 3140 eeclesiam
613 3078 772 3141 fundatam
805 3099 897 3159 supra
925 3087 1052 3160 petram.
1096 3079 1198 3154 Quare

200 3228 203 3232 A
269 3165 325 3224 uisi
347 3162 486 3224 firmiora
508 3161 686 3239 adduxerit,
709 3182 807 3243 rogo,
829 3162 869 3224 ab
897 3163 1035 3224 instituto
1058 3161 1198 3225 desistat.

269 3245 357 3307 Unde
380 3245 492 3322 hodie,
521 3245 594 3305 dum
623 3246 769 3306 dixissem
799 3247 960 3308 artieulum
983 3265 1052 3307 osse
1071 3247 1198 3312 Hussiti·

268 3348 363 3408 oump
390 3327 598 3389 obedientiam
620 3329 863 3390 ewiesiastiaam
897 3349 960 3390 uou
982 3349 1052 3390 esse
1075 3349 1198 3412 expres-

268 3433 331 3473 sam
352 3412 521 3473 autoritate
550 3411 875 3492 Soripturaesaerae,
913 3412 1074 3492 respoudit
1101 3413 1198 3476 brevi-

268 3495 332 3576 bus,
353 3495 517 3556 artiouium
530 3514 592 3555 nou
615 3515 685 3556 esse
706 3495 902 3557 haeretieum.
920 3495 1043 3556 Mallem
1061 3499 1198 3577 puuotim

264 3597 360 3659 agere
381 3587 452 3638 tum
474 3577 650 3639 reverendo
674 3579 782 3656 Patre,
805 3586 836 3639 et
858 3580 976 3640 dicere:
999 3580 1061 3641 Iste
1083 3589 1132 3642 est
1152 3601 1197 3641 ar-

266 3662 376 3722 tiouius
398 3661 579 3739 damnatus,
610 3668 642 3721 et
672 3664 740 3742 ipse
766 3668 854 3733 tenet
875 3681 962 3740 eum,
985 3664 1092 3743 itaque
1114 3671 1198 3726 tenet

211 3762 213 3773 ·
267 3745 432 3805 artieulum
455 3743 632 3804 damnatum
656 3754 688 3805 et
707 3745 913 3825 reprobatum.

268 3883 415 3890 ——--.-—-
425 3885 469 3889 η.-
484 3885 492 3889 .
513 3886 519 3889 .
531 3886 535 3889 .
548 3885 552 3888 .

234 3999 238 4009 ·
305 3987 333 4057 1)
353 3989 384 4042 Iu
405 3988 448 4041 ed.
468 3977 557 4060 briga
577 3993 606 4044 in
626 3993 710 4062 quali.
748 3994 781 4066 2)
803 3995 916 4049 Loesoh.
932 4013 967 4049 ex
987 3993 1047 4048 eod.
1062 3995 1127 4049 MSo
1141 3992 1200 4048 rad·

267 4057 322 4118 dit:
342 4060 505 4116 audaculus.
