3075 4775
481 560 622 646 psrandns
641 580 750 633 animus
769 577 805 632 sd
825 581 952 632 mortem.-
1131 575 1193 641 467

270 775 331 840 qus
359 759 443 822 diota
472 778 574 842 neque
599 763 681 830 bota
706 763 788 824 illius
810 770 896 843 sunt,
929 763 960 824 id
987 751 1070 844 qnod
1097 763 1193 825 Satan

270 843 361 904 nobis
383 845 569 924 persuadere
590 848 703 909 nititur.
757 847 809 908 Sio
831 849 912 907 enim
934 849 1086 929 suggerit:
1109 847 1192 908 Heus

179 947 186 956 ·
269 933 312 1005 tu,
334 927 408 1007 quid
431 929 456 988 si
478 929 605 1010 indigne
628 937 822 991 sacramento
844 949 929 991 esses
953 931 1049 991 usus?
1072 930 1193 1010 quidsi

269 1017 323 1071 tua
342 1010 508 1154 indignitas
536 1019 566 1074 te
588 1013 845 1093 promissionibus
872 1014 931 1074 illis
958 1031 995 1075 ao
1016 1017 1114 1095 gratia
1135 1016 1193 1094 pri·

267 1100 376 1156 nasset

353 1176 584 1259 Quamprimum
618 1179 691 1241 illae
725 1177 931 1260 eogitdtiones
962 1179 1129 1260 sollieitare
1163 1185 1193 1238 te

269 1263 439 1341 coeperint,
460 1264 579 1322 munies
602 1269 632 1323 te
654 1270 762 1324 saneta
784 1279 883 1342 eruoe,
908 1270 940 1324 et
953 1265 1079 1323 missam
1098 1261 1193 1322 iaoies

269 1345 338 1405 sive
359 1345 557 1426 dignitatem,
586 1347 652 1406 sive
677 1346 892 1428 indignitatem
914 1353 1013 1424 tuam,
1046 1346 1106 1405 hoo
1128 1352 1192 1404 tan-

269 1437 334 1488 tum
357 1435 479 1508 specta,
511 1436 545 1489 ιιι
574 1429 682 1490 eredas
712 1449 783 1491 esse
804 1431 925 1510 signum
947 1429 1083 1490 additum
1107 1437 1193 1489 oerto

269 1518 302 1571 et
322 1529 397 1572 vero
409 1513 467 1573 Dei
490 1511 595 1596 verbo,
620 1521 652 1575 et
673 1520 737 1574 tum
754 1515 828 1574 satis
852 1515 911 1574 eris
926 1513 1051 1594 dignus:
1074 1512 1193 1592 Dignos

270 1596 353 1653 enim
376 1595 444 1655 sola
465 1595 552 1674 fides,
573 1595 717 1677 indignos
740 1597 809 1657 sola
830 1597 1028 1658 incredulitas
1051 1593 1152 1656 efficit.

354 1677 448 1756 Satan
470 1685 573 1738 sutem
595 1679 666 1740 ideo
689 1686 719 1740 te
744 1679 823 1759 alia,
852 1687 915 1740 turn
938 1679 1101 1762 dignitate,
1130 1691 1191 1738 tum

268 1759 454 1842 indignitate
476 1767 590 1841 tentat,
613 1771 646 1823 ut
667 1762 758 1823 fldem
781 1770 863 1824 tuam
883 1771 1015 1841 evertat,
1039 1773 1069 1823 et
1090 1768 1124 1822 ut
1146 1779 1193 1820 sa·
1239 1827 1244 1834 ,

268 1851 428 1905 aramenta
450 1845 525 1906 nihil
546 1845 601 1906 tibi
621 1848 750 1926 prosint.
787 1847 821 1907 ln
844 1846 918 1907 illud
942 1853 1103 1928 praeterea
1124 1859 1193 1926 peo-

269 1935 372 1988 astum
395 1936 426 1988 te
449 1929 604 1989 ooniiaere
625 1930 747 2008 nititur,
782 1938 814 1990 ut
844 1930 942 1990 Deum
974 1929 1125 1990 mendacii
1149 1949 1193 1990 ar-

269 2030 364 2092 guas3
399 2011 482 2072 Deus
512 2013 593 2072 enirn
622 2032 722 2092 neque
749 2014 875 2074 verbum
898 2033 1000 2094 neque
1022 2031 1193 2073 sacramen-

268 2099 335 2155 tum
358 2112 447 2154 suum
476 2101 548 2155 tuae
576 2094 718 2176 dignitati
740 2096 808 2156 vult
828 2098 932 2175 inniti,
967 2095 1020 2156 sed
1054 2096 1119 2155 vult
1139 2115 1195 2176 per

270 2177 358 2237 suism
385 2179 532 2258 gratiam,
569 2186 602 2239 ut
634 2185 665 2239 tu
691 2179 836 2261 indignus
863 2182 895 2241 in
920 2180 1015 2241 verbo
1045 2185 1076 2240 et
1102 2180 1192 2259 signo

270 2277 327 2320 suo
350 2261 480 2322 haereas
502 2281 539 2322 aa
560 2263 676 2340 nitaris,
698 2270 731 2323 ut
752 2265 797 2323 sio
820 2263 922 2325 dioera
944 2263 1062 2344 possis:

355 2344 438 2406 Deus
460 2352 521 2415 est,
553 2346 605 2426 qui
632 2345 753 2428 signum
785 2352 817 2409 st
848 2347 973 2409 verbum
1004 2363 1091 2408 suum
1121 2345 1193 2406 mibi

270 2426 370 2507 dedit,
398 2435 431 2489 ut
452 2435 553 2490 sertus
575 2448 693 2509 essem,
723 2431 834 2491 Christi
857 2434 967 2511 vitam,
994 2432 1140 2511 gratiam,
1163 2438 1194 2490 et

270 2512 390 2590 coelos,
410 2514 441 2572 in
464 2512 573 2592 quibus
596 2520 652 2591 est,
675 2524 813 2594 pennata,
836 2523 966 2575 mortem
989 2524 1020 2574 et
1042 2513 1192 2573 infernum

271 2612 374 2655 meum
397 2596 574 2675 sustulisse,
607 2598 674 2657 sine
701 2596 794 2658 dubio
817 2599 970 2678 promissa
990 2596 1098 2673 faciet,
1121 2602 1194 2656 tam·

271 2696 333 2758 que
364 2685 465 2740 eertus
500 2698 565 2739 sum
596 2679 635 2740 de
662 2681 698 2739 iis
720 2680 839 2759 verbis,
874 2681 983 2761 quibus
1021 2679 1093 2739 mihi
1128 2698 1196 2739 mea

270 2769 401 2842 peraeta
427 2762 617 2824 condonavit
638 2763 801 2842 saeerdos,
834 2772 926 2843 atque
955 2765 981 2822 si
1004 2760 1104 2823 Deum
1134 2781 1195 2821 me-

271 2860 342 2904 eum
374 2845 551 2925 loquentem
586 2846 762 2908 audiissem.
819 2846 850 2909 Si
885 2848 976 2927 igitur·
1010 2846 1067 2906 Dei
1100 2846 1196 2905 verba

271 2935 358 3005 sunt,
381 2935 465 2989 nerto
487 2928 570 2993 ilent.
615 2930 673 2991 His
693 2931 849 3009 oonsisto,
871 2930 930 2990 hae
951 2948 1007 3010 spe
1031 2932 1062 2989 et
1083 2927 1195 2988 iidueia

272 3018 403 3073 mortem
425 3011 533 3074 lubens
557 3012 661 3074 obibo.
705 3013 774 3073 Hoe
803 3014 884 3073 enim
908 3015 1034 3074 omnino
1056 3011 1122 3072 lieri
1144 3012 1194 3073 de-

271 3095 334 3174 bet,
356 3103 389 3155 ut
410 3096 487 3156 tanti
508 3096 678 3157 saoerdotis
701 3096 796 3157 verba
821 3097 925 3175 isaias,
949 3103 1043 3176 atque
1065 3098 1090 3155 si
1112 3096 1195 3156 Deus

272 3197 329 3259 per
355 3179 499 3259 angelum
527 3197 616 3241 suum
647 3186 700 3240 aut
728 3181 904 3262 apostolum
933 3180 1065 3260 aliquem
1097 3199 1135 3240 ea
1156 3178 1195 3239 ad
1257 3196 1260 3202 ·

271 3267 304 3322 te
325 3262 451 3343 perferri
472 3264 620 3340 iussisset,
644 3271 738 3343 atque
760 3264 787 3324 si
808 3265 875 3344 ipse
888 3263 1025 3325 Christus
1048 3282 1195 3347 praesens

271 3352 468 3426 praesentem
489 3346 683 3409 absolvisset.
727 3347 857 3409 Utemur
882 3349 963 3409 euim
987 3348 1143 3409 communi
1166 3353 1197 3407 et

272 3435 349 3490 noto
373 3428 536 3497 vocabulo.

356 3512 494 3594 Septimo
517 3512 655 3593 decimo,
690 3513 818 3574 multum
854 3515 945 3594 igitur
972 3533 1047 3595 prae
1080 3514 1147 3574 aliis
1168 3515 1195 3573 is

272 3601 322 3656 est
354 3604 555 3677 nonseoutus,
588 3598 639 3677 qui
668 3604 863 3657 sacramenta
897 3599 1109 3678 consequitur3
1143 3597 1196 3657 ha-

272 3679 326 3740 bet
348 3681 428 3740 enirn
458 3681 547 3761 signa
575 3680 682 3741 aDeo
707 3680 861 3758 exhibita,
895 3680 988 3741 habet
1019 3681 1195 3761 promissio-

272 3780 345 3823 nem
358 3762 425 3841 Dei,
448 3764 557 3843 quibus
579 3762 671 3824 iidem
693 3782 778 3823 suam
802 3761 972 3842 confirmet,
995 3782 1028 3825 se
1049 3766 1111 3823 iam
1133 3782 1196 3825 om-

273 3846 356 3905 nium
378 3847 501 3906 illorum
523 3866 592 3907 esse
612 3847 727 3907 laetum
749 3847 939 3927 participem,
963 3866 1042 3927 quae
1057 3846 1195 3908 Christus

273 3929 373 3990 habet
418 3928 477 4004 Qui
502 3936 605 3992 autem
634 3930 713 3990 haee
734 3937 928 3990 sacramenta
949 3950 1011 3990 non
1033 3937 1103 3990 sunt
1125 3950 1195 3991 eou-

273 4015 390 4090 seauti,
423 4013 466 4073 illi
495 4014 580 4074 nulla
608 4024 737 4074 externa
767 4020 798 4074 et
826 4012 967 4075 sensibus
990 4013 1126 4075 subiecta
1149 4030 1195 4073 su-

274 4096 447 4157 stentacula
482 4096 555 4159 iidei
583 4116 658 4159 snae
689 4097 810 4164 habent.
856 4086 1062 4247 Fidpotpmeri
1078 4105 1109 4161 et
1130 4118 1196 4158 aor-
