3075 4775
561 550 716 604 abluturiis
734 557 856 619 exceptu
918 565 921 576 ·
1109 548 1172 616 205

252 733 438 813 nitentibus,
468 752 537 793 oum
559 726 709 795 Dominus
741 742 773 794 et
800 743 894 815 eaput
918 735 1073 797 -eoalesiae
1094 737 1171 798 illud

251 838 311 879 non
344 816 507 897 exigerat?
549 816 647 891 Quam
684 818 836 877 rationem
863 820 894 878 in
921 820 1172 883 annotationibus

252 902 348 981 tetigi,
371 920 434 961 non
457 909 560 960 tamen
581 900 637 960 fuit
659 920 741 979 mee,
760 901 816 961 sed
837 900 1063 982 Chrysostomi,
1090 906 1172 965 siout

251 985 344 1045 refert
365 983 530 1045 Gratianus
552 986 601 1049 26.
623 990 751 1062 quaest,
773 988 802 1048 7.
825 1004 893 1046 ιιι
915 985 1041 1081 Allegat
1060 987 1166 1048 homo:

251 1070 298 1128 oui
320 1086 419 1148 grava
437 1065 560 1163 pondus
582 1068 821 1147 poenitentiae
812 1070 967 1147 imponis,
989 1077 1043 1128 aut
1064 1072 1170 1149 poeni·

251 1152 378 1211 tentiam
400 1150 531 1227 raiioiet,
563 1158 615 1209 aut
636 1150 715 1209 dum
731 1149 857 1210 sufferre
878 1153 999 1231 nequit,
1020 1154 1171 1212 scandali-

250 1241 334 1295 zatus
357 1234 490 1313 amplius
510 1240 629 1329 peceat.
652 1234 772 1293 Deinde
799 1236 857 1293 etsi
878 1254 1029 1314 erramus,
1065 1238 1172 1315 poeni-

250 1318 377 1378 tentiam
410 1316 564 1377 modioam
597 1318 807 1397 imponentes,
846 1336 950 1377 nonne
978 1318 1086 1379 melius
1114 1326 1170 1399 est,

250 1406 377 1481 propter
398 1398 637 1461 misenoordram
647 1401 798 1461 rationem
808 1400 948 1480 reddere,
969 1420 1061 1480 quam
1077 1420 1171 1481 prop

251 1495 295 1545 ter
316 1482 553 1543 crudelitatem?
575 1483 635 1543 Ubi
656 1486 738 1544 enim
760 1484 977 1563 paterfamilias
999 1486 1103 1565 largus
1123 1492 1174 1545 est
1219 1525 1225 1541 .

251 1560 462 1647 dispensator,
492 1586 556 1627 non
578 1565 670 1628 debet
691 1586 759 1631 esse
781 1574 886 1627 tenax
907 1569 940 1627 Si
963 1569 1045 1628 Deus
1068 1569 1175 1649 benig

250 1671 316 1732 nus,
339 1656 374 1709 ιι
396 1648 468 1728 quid
481 1650 633 1710 sacerdos
656 1652 721 1710 vult
742 1669 811 1710 esse
832 1652 992 1711 austerus?
1025 1652 1093 1711 Hoo
1113 1670 1170 1732 pro

250 1732 489 1795 confessoribus

309 1816 400 1877 Idem
414 1816 547 1877 Humilia
562 1814 678 1879 31.ιίι
634 1817 942 1911 aitsuperEpistola
961 1818 1002 1877 ad
1016 1816 1171 1879 Ebraeos:

250 1902 415 1962 Peooatum
437 1899 632 1959 eoulessione
667 1900 827 1978 minuitur,
851 1899 912 1959 sed
941 1920 1004 1961 non
1028 1902 1173 1961 minuitur

250 1978 355 2064 quoad
378 1973 509 2063 dulpam,
532 1984 603 2061 quia
623 1984 748 2061 impium
771 1990 828 2061 est,
850 1990 883 2043 ut
892 1983 1098 2065 Hieronymus
1119 1976 1171 2062 ait,

250 2089 268 2128 a
295 2068 366 2127 Deo
397 2065 551 2125 dimidiam
581 2086 705 2145 sperare
735 2068 877 2145 veniam,
914 2087 988 2148 ergo
1017 2069 1173 2128 minuitur

250 2148 354 2231 quoad
375 2168 519 2231 poenam.
1223 2151 1227 2160 '

294 2231 427 2293 Addo
439 2231 682 2312 Gregorrum,4
707 2233 814 2295 moral.
838 2252 905 2313 eap.
917 2236 958 2297 49
982 2241 1054 2314 post
1077 2233 1172 2293 multa
1236 2293 1241 2298 ,

249 2319 290 2379 ita
313 2314 403 2376 dieit:
426 2315 486 2375 Sed
510 2316 581 2395 quia
602 2315 718 2375 nullum
740 2323 901 2413 pennatum
937 2319 1020 2378 Daue
1043 2317 1170 2376 inultum

250 2402 387 2477 relaxet,
417 2407 469 2460 aut
490 2401 570 2460 enim
593 2419 651 2458 nos
672 2401 733 2460 hoe
756 2400 889 2460 flendo
881 2403 1086 2481 insequimur,
1119 2408 1174 2460 aut

250 2487 316 2566 ipse
339 2482 514 2544 iudieando.
542 2483 668 2561 Restat,
697 2493 730 2543 ut
752 2484 792 2543 ad
815 2484 1062 2544 emendationem
1085 2503 1172 2550 suam
1217 2501 1221 2506 ’

250 2587 375 2647 semper
398 2585 483 2626 mens
506 2566 636 2628 solerter
657 2567 803 2647 invigilet.

333 2650 403 2711 Hoo
424 2651 520 2710 sensit
542 2656 574 2710 et
595 2649 857 2733 B.Hieronymue,
880 2649 974 2711 verba
997 2669 1053 2710 sua
1075 2658 1171 2709 trane·
1250 2689 1272 2696 .-

251 2735 366 2814 soripta
395 2739 467 2792 sunt
492 2751 560 2794 ean.
583 2733 767 2810 Mansuram,
790 2734 830 2794 de
850 2734 1019 2814 poenitent
1047 2733 1114 2792 dist.
1141 2738 1172 2795 l:

250 2819 426 2878 Mansuram
450 2817 595 2895 temporis
633 2817 664 2875 in
683 2817 809 2896 agenda
837 2817 1028 2896 poenitentia
1057 2815 1173 2875 ideireo

251 2923 313 2962 uon
337 2901 412 2960 satis
423 2897 595 2980 praefigunt
608 2899 752 2961 Oenones
765 2920 822 2980 pro
837 2918 1024 2979 unoquoque
1037 2900 1172 2976 erimine,

251 2992 283 3046 ut
305 2984 347 3044 de
367 2983 498 3063 singulis
519 2983 635 3061 dioant,
660 2985 790 3062 qualiter
811 2983 1049 3062 unumquodque
1072 3002 1173 3041 emen-

251 3067 388 3130 dandum
410 3069 465 3145 sit,
497 3066 552 3126 sed
574 3067 671 3146 magis
694 3069 724 3125 in
747 3068 872 3128 arbitrio
894 3067 1065 3128 saeerdotis
1086 3065 1173 3126 intel·

251 3151 376 3233 ligentis
392 3149 625 3229 relinquendum
649 3157 794 3227 statuunt,
814 3153 887 3232 quia
898 3151 981 3230 apud
989 3152 1091 3219 Deum
1109 3169 1172 3211 nou

252 3245 314 3296 tam
340 3233 425 3294 velet
447 3252 590 3292 mensura
611 3235 768 3314 temporis,
791 3253 883 3313 quam
904 3235 1030 3296 doloris.

336 3319 540 3397 Augustinum
561 3335 683 3397 qupque
704 3317 797 3377 refert
809 3319 841 3377 in
864 3336 931 3378 ean.
953 3317 1077 3378 Nullus:
1099 3316 1175 3379 Nur«

251 3403 298 3462 lus
322 3401 447 3462 debitae
486 3402 634 3481 gravioris
662 3421 784 3481 poenae
810 3403 922 3482 aooipit
943 3403 1084 3481 veniam,
1116 3403 1181 3462 nisi·

252 3486 498 3565 qualemcunque
530 3486 587 3546 etsi
614 3484 708 3565 longa
736 3486 901 3562 minorem,
933 3505 1023 3564 quam
1053 3484 1174 3567 debeat,

252 3587 388 3649 poenam
411 3569 554 3646 solverit,
582 3571 625 3628 ita
654 3573 735 3628 enini
763 3569 974 3648 impertitura
994 3570 1062 3630 Deo
1084 3569 1174 3648 largi·

253 3663 299 3712 tas
324 3651 562 3731 miserioordiae,
585 3661 616 3711 ut
639 3671 700 3712 non
722 3652 910 3730 relinquatur
931 3654 1066 3713 iustitiae
1086 3654 1174 3714 disei-

253 3736 346 3815 plina.
384 3736 443 3795 Hie
463 3736 558 3798 habet
579 3735 892 3832 ReverenduuPater
913 3738 1116 3817 Augustinum
1141 3737 1172 3813 ¹)
1255 3772 1260 3784 ·
1303 3775 1309 3789 ·

290 4023 323 4081 1>
343 4023 374 4073 ln
394 4021 437 4074 ed
456 4024 554 4091 origin
574 4023 618 4074 hio
645 4026 683 4076 ita
700 4023 818 4093 legitur.
855 4016 907 4076 Hie
935 4025 1018 4078 babet
1007 4024 1172 4094 tegregius

254 4093 287 4146 D.
306 4092 342 4148 D.
361 4094 569 4148 Carolostadius
588 4096 775 4163 Augustinum
794 4103 844 4149 etc.
