3075 4775
436 508 438 512 Ι
509 522 694 630 suislipsiae
712 549 859 643 disputatio
879 566 903 608 a
919 548 996 620 ΧΙΧ,
1144 532 1203 614 291

279 752 385 803 euram
410 733 527 801 hebere
542 735 669 813 (quibus
690 734 768 799 eolis
780 740 829 798 est
842 736 982 815 superior
1002 736 1068 797 iure
1089 734 1205 815 divino,

277 819 301 877 si
323 819 469 896 superior
490 823 546 897 est,
567 824 604 889 ut
622 815 717 901 dixi),
739 838 803 883 nien
817 838 888 882 ease
897 818 1098 897 eredendum,
1120 818 1203 898 quod

278 900 419 969 Christus
441 900 480 973 ad
503 900 693 981 impossibile
716 922 792 971 ‚eum
815 901 968 975 lvoluerit
996 903 1061 961 iure
1094 902 1201 963 divino

277 986 417 1064 aet-ringi,
441 982 545 1063 asper
559 984 691 1048 hoeneo
708 987 772 1053 inre
791 984 896 1048 divino
919 986 1110 1065 superiorem
1134 1003 1205 1045 esee

278 1066 436 1135 omnibus.
481 1066 630 1141 Quodsi
659 1087 721 1132 non
745 1067 904 1143 omnibus,
942 1066 1051 1133 eadem
1075 1069 1205 1150 ,ratione

277 1151 354 1209 nulli
377 1150 617 1230 particulariter,
639 1170 676 1211 ao
693 1153 738 1211 sie
759 1171 868 1211 omnes
891 1152 1025 1211 omnium
1047 1152 1203 1231 eiuitauppr

282 1235 426 1313 episcopi
446 1234 595 1313 aequales
614 1236 680 1297 iure
703 1234 808 1297 divino
831 1241 910 1306 sunt.

365 1319 428 1380 lam
452 1316 535 1396 quod
555 1318 585 1378 in
608 1318 758 1397 prinoipio
783 1319 914 1398 egimus:
937 1316 1106 1379 Concilium
1126 1317 1203 1390 Con-

279 1400 453 1481 stantiense
471 1400 695 1479 determinavit,
710 1401 881 1462 Concilium
899 1420 968 1461 esse
979 1420 1070 1479 supra
1078 1400 1204 1479 Papam,

277 1485 360 1547 aaut
381 1489 414 1545 et
435 1484 523 1545 huius
539 1482 803 1555 determinationis
825 1504 914 1550 nsum
935 1484 1049 1545 ibidem
1071 1484 1205 1544 servavit

280 1566 471 1646 deponendo
490 1574 521 1627 et
533 1566 837 1647 statuendo-Papam,
859 1574 892 1627 at
912 1568 938 1627 si
959 1570 990 1627 in
1012 1568 1077 1627 iure
1098 1567 1203 1627 divino
1250 1607 1252 1610 -

164 1664 166 1711 t
278 1649 365 1729 Papa
387 1650 529 1719 omnibus
553 1652 692 1730 superior
714 1651 823 1731 est1),
851 1650 1022 1713 Concilium
1051 1647 1202 1711 haeresim

278 1740 310 1795 et
331 1732 407 1799 feeit
427 1739 460 1793 et
479 1732 634 1813 definivit,
671 1734 744 1813 qnia
765 1733 955 1795 haereticum
977 1740 1038 1812 est,
1068 1734 1201 1794 divinum

164 1832 166 1869 1
276 1818 324 1878 ius
348 1815 506 1895 damnare,
529 1822 561 1880 et
582 1818 768 1884 eontrarium
791 1824 938 1881 statuere.

363 1898 455 1973 Quod
477 1901 505 1961 si
527 1898 658 1962 dixeris:
693 1900 864 1961 Concilium
887 1919 951 1962 non
974 1899 1107 1979 Papam,
1147 1898 1202 1960 sed

277 1983 436 2048 hominem
458 1982 512 2043 dat
532 1983 582 2043 vel
604 1984 720 2061 aufert,
753 1991 869 2064 papatu
895 2002 1018 2063 semper
1041 1987 1202 2059 manente,

277 2065 474 2146 respondeo:
496 2066 565 2127 Hoe
587 2066 808 2127 estridieulum
832 2074 863 2127 et
885 2068 1201 2134 insulsumeommen-

277 2157 352 2209 tum.
397 2147 540 2231 Sequitur
562 2152 659 2226 enim,
691 2150 775 2230 quod
795 2169 859 2211 non
883 2150 998 2230 Papam
1022 2156 1056 2209 ut
1076 2148 1202 2229 Papam,

277 2233 334 2295 sed
356 2232 514 2296 hominem
537 2240 654 2296 tantum
678 2232 817 2313 deponit,
840 2252 914 2315 ergo
937 2234 1022 2313 Papa
1043 2232 1201 2312 depositus

278 2316 366 2398 Papa
388 2316 456 2398 erit,
479 2317 551 2396 quia
573 2322 676 2380 manet
697 2316 779 2381 idem
801 2318 853 2397 qui
875 2316 969 2398 prius,
992 2336 1060 2376 oum
1082 2316 1115 2375 in
1137 2318 1202 2376 eins

164 2447 165 2480 i
277 2407 426 2481 titillatum
448 2400 524 2466 nihil
547 2401 587 2462 sit
606 2407 719 2474 aetum.
763 2401 842 2476 Quid
865 2401 989 2463 moror?
1018 2400 1088 2464 Nou
1104 2400 1136 2462 in
1150 2400 1202 2480 trp-

164 2515 165 2540 i
276 2485 393 2544 minem
412 2485 489 2564 agit,
512 2483 565 2544 sed
588 2485 619 2544 in
637 2484 752 2564 Papam
776 2491 810 2546 nt
831 2485 957 2564 Papam,
979 2485 1053 2563 quia
1073 2482 1201 2544 admini-

277 2568 460 2629 strationem
483 2568 512 2627 ei
534 2567 632 2630 aufert
641 2566 673 2646 ²)
699 2574 845 2646 tanquam
865 2566 985 2630 ¹habens
1016 2573 1201 2647 potestatem

279 2649 451 2717 tradendae
472 2649 760 2729 administrationis,
788 2669 852 2715 nun
873 2670 979 2728 penus,
1005 2669 1099 2728 quam
1118 2649 1203 2730 Papa

276 2735 344 2813 ipse
367 2735 548 2813 episcopum
571 2735 686 2811 statuit,
708 2733 760 2796 ubi
784 2735 888 2812 utique
910 2753 976 2796 non
989 2733 1145 2800 hominem
1167 2738 1201 2791 nt

277 2817 447 2894 hominem,
470 2816 525 2878 sed
543 2818 724 2897 episcopum
748 2823 782 2879 ut
795 2819 973 2898 episeopum
990 2817 1105 2893 statuit,
1129 2833 1200 2878 eon·

164 2971 165 2986 ,
278 2901 381 2962 ferens
404 2901 432 2959 ei
450 2899 723 2964 administrationis
736 2901 794 2960 ius.
822 2899 991 2978 Alioqui³)
1007 2905 1038 2959 et
1054 2899 1106 2958 hie
1121 2898 1201 2958 dioe·
1299 2946 1300 2949 ,

277 2991 338 3044 tur:
362 2983 433 3044 Non
456 2983 740 3063 episeopumtstatui
754 2992 807 3044 ant
817 2983 1005 3062 pontificem,
1028 2981 1084 3042 sed
1105 2981 1201 3041 homi·

278 3086 349 3128 nem
360 3067 542 3146 episcopatu
557 3071 709 3130 manente.
731 3067 796 3126 Has
805 3067 907 3129 larvas
920 3067 1112 3141 invenerunt,
1128 3063 1200 3124 dnm

280 3151 494 3230 episcopatum
513 3168 577 3209 non
599 3149 709 3221 officii,
743 3149 797 3210 sed
831 3149 987 3230 dignitatis
1015 3147 1199 3228 vocabulum

283 3233 409 3308 (neseio
428 3233 463 3310 iu
495 3251 555 3312 quo
579 3232 744 3295 universali
778 3233 853 3300 reali
885 3232 1027 3307 latentis)
1051 3231 1199 3294 feserunt.

362 3314 454 3390 Quod
477 3317 502 3376 si
524 3315 610 3395 Papa
631 3323 677 3378 est
705 3316 772 3376 iure
801 3317 920 3392 divino,
951 3332 1014 3375 non
1037 3314 1108 3374 lieet
1129 3333 1198 3374 eum

277 3399 436 3480 deponere
457 3398 638 3477 ullomodo,
661 3401 727 3458 sive
744 3400 784 3460 sit
804 3400 902 3458 mains
916 3399 981 3458 sive
1001 3398 1112 3475 bonus,
1134 3399 1199 3457 sive

277 3482 468 3560 haeretieus,
497 3483 563 3542 sive
584 3482 769 3560 eatholious,
805 3481 860 3543 sed
881 3488 929 3542 est
951 3480 1128 3541 tolerandus
1151 3501 1198 3540 us-

277 3584 336 3643 que
359 3565 399 3624 ad
421 3574 560 3625 mortem.
605 3565 691 3626 Sient
712 3564 837 3627 Saulum
860 3565 963 3625 aDeo
986 3570 1111 3625 unotum
1133 3565 1198 3624 iure

276 3647 380 3709 divino
403 3667 508 3728 regem
522 3647 621 3708 David
643 3648 796 3712 toleravit.
834 3645 937 3722 Quare
958 3649 1067 3708 iterum
1086 3653 1198 3724 errant,

276 3738 309 3792 et
329 3733 488 3792 haeretica
509 3738 599 3791 erunt
620 3731 764 3809 deoreta,
797 3749 877 3809 quae
899 3737 1052 3807 statuunt,
1084 3731 1198 3809 Papam

276 3833 332 3894 pro
354 3814 475 3875 haeresi
499 3813 731 3894 deponendum,
767 3815 838 3893 quia
860 3816 1036 3874 contraius
1058 3813 1194 3873 divinum

330 4005 362 4074 1)
382 4007 412 4058 ln
433 4003 494 4058 edd.
518 4005 618 4074 origin.
643 4003 735 4056 deest:
768 4005 818 4054 est.
860 4001 890 4069 2)
914 4001 944 4054 In
969 4000 1089 4054 editione
1112 3999 1196 4066 ortg.:

278 4079 364 4139 affert
399 4075 564 4149 3J1uedpl.
584 4077 668 4148 origa
687 4073 820 4140 alioquin.
891 4138 957 4205 19.
