3075 4775
492 565 520 616 at
538 559 721 618 Sacramenta
739 563 932 620 eucharistiae.
1117 563 1178 630 421

340 751 442 830 Atque
463 751 542 813 haee
564 751 686 832 quidem
720 753 875 815 eonieasio
906 761 969 815 tam
1005 761 1052 816 est
1074 773 1180 817 neees-

258 835 348 913 saria,
371 835 510 897 utnulla
533 837 681 917 temporis
703 844 871 898 momento·
886 837 926 900 sit
941 837 1181 918 intermittenda,

259 922 290 978 et
310 917 403 981 debet
429 919 469 980 ad
503 919 584 981 hane
621 920 722 980 omnis
744 920 987 982 Christianorum
1015 923 1079 982 vita
1111 941 1181 983 esse

259 1008 446 1082 amparate,
468 1009 505 1063 ut
525 1009 675 1084 perpetuo
686 1003 744 1064 Dei
763 1005 893 1085 gratiam
908 1003 1066 1084 praedicet
1086 1004 1180 1066 homo

258 1088 290 1143 et
322 1103 408 1145 suam
444 1087 538 1146 vitam
572 1085 654 1166 apud
681 1085 781 1147 Deum
819 1093 944 1147 aoeuset
977 1107 1014 1146 ae
1046 1088 1179 1149 damnet.

149 1196 150 1235 ι
259 1166 337 1227 Nam
360 1169 387 1229 si
408 1167 458 1228 vei
479 1167 563 1230 bona
586 1188 681 1249 opera
703 1169 752 1230 vel
774 1169 936 1231 honestam
959 1171 1051 1230 vitam
1075 1173 1180 1248 iactes,

259 1251 360 1310 statim
383 1249 440 1311 Dei
468 1251 628 1329 iudioium,
658 1251 739 1332 quod
762 1260 902 1313 neutrum
925 1253 1034 1317 horum
1058 1256 1179 1333 patitur,

149 1360 150 1377 ι
260 1334 409 1412 sequitur,
433 1352 495 1395 non
518 1340 746 1415 potestantem
769 1337 928 1415 quisquam
952 1335 1110 1397 hominum
1134 1338 1178 1396 iu'-

259 1416 370 1476 dieium
400 1417 457 1477 Dei
489 1418 578 1480 ferre.
629 1417 680 1478 Sia
710 1436 785 1498 ergo
817 1418 895 1479 haee
928 1419 1081 1480 confessio
1115 1411 1179 1480 tieri

259 1499 360 1573 debet,
382 1506 415 1559 ut
436 1507 468 1560 te
489 1501 588 1581 ipsum
612 1501 709 1580 primo
733 1500 871 1578 damnes,
894 1507 925 1562 et
945 1503 1060 1563 sentias
1085 1509 1180 1580 certo,

259 1591 289 1641 te
311 1590 441 1642 mortem
471 1600 509 1643 ao
537 1592 704 1664 perpetuos
728 1584 893 1645 inferorum
918 1585 1069 1645 erueiatus
1092 1587 1179 1645 meri·

258 1673 331 1726 tum.
381 1663 535 1740 Quodsi
562 1663 674 1743 isaias,
708 1669 877 1730 antevertis
899 1668 1013 1744 Deum,
1054 1673 1087 1728 ut
1117 1687 1179 1728 non

257 1748 357 1828 possit
377 1756 409 1808 te
429 1748 566 1809 indicare
588 1755 642 1809 aut
663 1749 825 1826 damnare,
865 1750 920 1811 sed
948 1770 1004 1811 sua
1029 1751 1128 1834 gratia
1150 1758 1181 1812 te

258 1831 373 1910 exeipit
400 1837 432 1891 et
457 1832 552 1896 favet.
595 1833 709 1892 Verum
739 1832 778 1892 de
810 1833 869 1894 hae
898 1834 1096 1897 eonfessione
1130 1834 1180 1893 hio

258 1931 320 1974 non
343 1915 471 1993 agimus.

700 2085 736 2145 ΙΙ.

340 2217 483 2280 Seounda
503 2219 676 2294 uouiessio,
708 2219 762 2280 ilia
788 2217 823 2278 fit
855 2219 895 2279 ad
924 2220 1111 2299 proximum,
1150 2227 1181 2280 et

257 2308 305 2362 est
332 2302 487 2380 caritatis,
521 2302 599 2362 sieut
630 2303 715 2382 prior
743 2301 798 2362 iila
819 2308 867 2364 eat
888 2301 969 2364 fidei.
1013 2301 1061 2362 De
1089 2321 1127 2360 ea
1147 2304 1178 2361 in

257 2384 391 2464 epistola
417 2384 522 2447 iacobi
548 2385 694 2465 seriptum
724 2393 784 2447 eat:
822 2383 1018 2447 confitemini
1046 2385 1179 2445 invieem

256 2468 336 2529 elius
358 2467 409 2528 alii
433 2468 556 2529 delicta
597 2469 655 2529 Est
675 2476 779 2529 autem
802 2468 880 2528 haee
900 2468 1073 2543 confessio,
1109 2486 1178 2527 oum

256 2552 326 2630 quis
349 2550 513 2613 cantitetur
533 2553 693 2631 proximo,
717 2550 801 2630 quod
824 2569 893 2613 eum
917 2551 1049 2611 laeserit.

341 2633 427 2695 Siout
460 2634 598 2695 Christus
626 2634 733 2695 Matth.
757 2638 785 2698 5.
817 2633 923 2693 doeet:
964 2632 996 2694 si
1033 2632 1198 2693 obtuleris-

257 2737 369 2778 munus
398 2717 482 2777 tuum
509 2717 550 2778 ad
580 2736 685 2795 aram,
720 2724 751 2777 et
780 2715 844 2776 iilia
875 2716 1054 2776 reeordatus
1076 2715 1178 2783 tueris,

257 2799 342 2881 quod
363 2800 456 2861 irater
473 2808 542 2861 tuus
557 2800 652 2863 habet
664 2799 780 2879 aliquid
794 2799 955 2861 adversum
979 2802 1019 2874 te,
1042 2798 1181 2876 relinque

257 2882 323 2943 illie
344 2902 453 2944 munus
475 2890 560 2944 tuum
583 2902 689 2943 aarum
711 2883 811 2959 altari,
834 2889 865 2943 et
886 2882 947 2961 abi,
968 2882 1050 2961 priua
1073 2899 1179 2941 reoon-

257 2966 371 3026 eilieris
392 2964 476 3027 fratri
499 2973 561 3043 tuo,
584 2975 616 3027 et
636 2974 699 3027 tum
712 2968 840 3026 veniens
864 2965 940 3027 offer
954 2984 1063 3025 munus
1085 2965 1179 3025 tuum.

256 3048 378 3110 Habeto
397 3048 645 3111 benevolentiam
661 3068 730 3111 oum
742 3049 920 3111 edversario
938 3057 991 3109 tuo
1014 3049 1086 3123 eito,
1109 3046 1181 3106 dum

257 3152 292 3192 es
313 3133 346 3191 in
366 3133 418 3192 via
440 3151 509 3192 oum
535 3132 590 3193 iilo
613 3140 671 3193 eto.
715 3132 885 3211 Utrumque
907 3132 957 3193 hio
980 3131 1077 3217 exigjt
1098 3130 1181 3190 Chri·
1239 3205 1241 3209 Ι

260 3222 337 3293 sors,
359 3220 393 3275 nt
413 3216 450 3293 is,
472 3217 524 3294 qni
545 3216 636 3277 laesit
656 3216 797 3293 alterum,
821 3223 910 3296 roget
932 3213 971 3275 ab
993 3232 1031 3273 eo
1048 3214 1180 3290 veniam,

259 3303 291 3359 ot
312 3299 355 3373 is,
377 3299 430 3376 qui
450 3306 590 3379 rogatur,
612 3299 667 3359 det
686 3300 809 3359 veniam
834 3304 945 3359 errato.

341 3379 399 3441 Est
418 3388 521 3442 autem
549 3382 680 3443 ethaeo
701 3382 856 3442 confessio
879 3379 1054 3444 neeessariu
1081 3396 1118 3438 ao
1139 3378 1182 3439 di-

178 3538 183 3545 ,
258 3464 389 3540 vinitas,
428 3471 462 3525 ut
490 3466 606 3545 prima,
642 3464 789 3525 mandata
815 3463 915 3524 uobis.
963 3461 1071 3539 Neque
1100 3463 1180 3521 enim

258 3546 349 3607 nobis
380 3554 487 3607 nostra
519 3558 648 3627 peeeata
669 3547 804 3608 remittet
824 3546 924 3621 Deua,
962 3544 1020 3604 nisi
1056 3552 1086 3603 et
1114 3543 1181 3603 aliis

257 3628 547 3707 oondonaverimus,
568 3650 650 3708 qnae
670 3630 729 3709 ipsi
749 3630 781 3689 in
804 3648 861 3689 noa
884 3634 1098 3707 peceaverunt
1144 3626 1183 3685 Et

256 3718 375 3774 eertum
397 3722 612 3793 argumentum
633 3721 690 3789 est,
712 3732 781 3773 eam
795 3730 856 3771 uon
871 3730 940 3771 esse
962 3728 1065 3770 rerem
1079 3708 1181 3781 fidem,

256 3814 339 3875 qnae
369 3814 431 3857 non
461 3796 542 3857 huno
567 3796 697 3856 imetum
726 3813 830 3855 seeum
861 3792 965 3866 affert,
999 3800 1032 3852 ut
1061 3800 1092 3852 et
1112 3791 1180 3851 aliia

256 3886 389 3957 peeaata
421 3880 570 3953 remittat,
608 3886 641 3939 et
671 3878 882 3939 remissionem
917 3875 1024 3937 aDeo
1059 3891 1181 3952 quiaque

256 3969 357 4041 ragat.
401 3961 509 4040 Neque
530 3962 612 4022 euim
633 3961 711 4021 alias
733 3959 772 4021 ad
796 3960 894 4020 Deum
916 3960 1010 4019 homo
1033 3954 1181 4017 accedere

256 4045 348 4105 auoit.
397 4044 428 4105 si
461 4063 536 4126 ergo
566 4044 618 4104 hia
650 4044 766 4105 iruotm
795 4062 858 4104 nou
889 4040 1024 4118 affuerit,
1063 4045 1179 4098 eertum
