3075 4775
519 525 589 591 nu.
605 526 797 597 assumtus
814 525 919 595 raros„
1118 514 1180 592 313

260 734 353 783 mano
379 712 530 797 pontibus
555 714 656 777 sotum
680 721 713 777 et
733 734 873 790 omnam,
911 726 944 779 at
977 710 1183 784 unirer-salam

259 798 442 881 pontificem
465 798 585 876 faeere,
620 797 737 861 nullum
776 797 955 879 pontificem
982 795 1073 859 nobis
1094 795 1183 859 reliu-

261 890 369 963 quant,
393 889 426 943 ut
448 881 588 961 videant,
610 900 672 961 quo
695 882 850 962 stipendio
873 880 1045 960 Scripturas
1066 879 1185 943 violam

260 975 326 1029 tout
349 965 529 1027 adulatores
552 971 584 1025 et
603 964 767 1031 ambitiosi.

348 1048 513 1128 Reliquum
535 1067 610 1129 argo
634 1056 699 1129 est,
720 1048 914 1130 evangelium
936 1048 999 1109 hoo
1017 1048 1105 1123 looo,
1127 1064 1186 1109 uso

261 1133 300 1195 ad
324 1133 460 1207 Petrum,
482 1150 541 1193 neo
560 1130 601 1193 sd
620 1151 832 1195 mossssorsrn
851 1133 926 1208 eius,
949 1150 1008 1197 noo
1028 1130 1068 1191 sd
1090 1129 1185 1191 ullum

253 1217 447 1357 'apisoogrum
466 1221 519 1275 aut
532 1215 626 1278 ullum
647 1215 805 1279 hominem
823 1214 1009 1296 singularem
1020 1215 1185 1294 pertinere,

264 1298 321 1361 ssd
344 1318 364 1359 a
402 1298 651 1366 communionem
667 1298 859 1377 Sanctorum,
883 1318 963 1377 quaa
979 1304 1027 1359 sst
1042 1297 1185 1375 molesia,

264 1383 345 1445 huso
368 1380 514 1461 dsiuosps
557 1388 639 1445 otest
653 1383 756 1445 clavos
771 1382 974 1460 sommittere,
996 1388 1059 1443 tun
1082 1380 1186 1461 digno,
1262 1438 1267 1449 Ι

264 1474 328 1527 tum
350 1463 489 1544 indiguo.
568 1464 677 1546 digno,
715 1468 858 1545 iuquam,
880 1484 985 1527 ooram
1007 1465 1092 1542 Deo,
1114 1464 1186 1543 quia

264 1549 373 1626 nesoit,
394 1555 494 1607 utrum
515 1546 664 1628 dignum)
680 1550 758 1629 Deo,
781 1548 918 1629 alioquin
935 1567 999 1609 non
1021 1546 1185 1627 nisidiguo

265 1652 371 1694 noram
392 1630 568 1713 bominibus
590 1634 783 1698 committere
804 1632 905 1695 debet.

347 1712 452 1789 Quare
474 1715 550 1775 satis
582 1722 690 1796 patera
724 1716 870 1794 arbitror,
904 1713 1028 1795 quando
1052 1714 1187 1775 Daorota

163 1833 164 1836 κ
267 1797 420 1878 quaedam
442 1796 657 1862 hunotextum
679 1798 719 1861 ad
735 1800 907 1862 Romanam
931 1796 1037 1859 sedem
1060 1802 1091 1857 st
1111 1814 1186 1875 pon·
1309 1840 1314 1849 .

266 1881 381 1943 tifioem
403 1881 544 1960 trahunt,
571 1901 635 1943 uon
664 1882 758 1944 rno‘do
780 1882 975 1963 frigidissime
1000 1878 1101 1961 (quod
1124 1898 1187 1949 rno-

266 1965 354 2027 desto
375 1964 473 2042 dixi),
504 1964 560 2025 sad
581 1967 675 2028 otiam
702 1967 857 2029 contraria
879 1965 984 2025 sensui
1004 1961 1186 2043 evangelion

266 2049 394 2111 verbum
408 2047 520 2108 Christi
535 2055 675 2128 traotara,
698 2048 781 2129 quod
794 2049 904 2111 elarius
917 2048 1074 2122 iaciemus,
1093 2064 1186 2124 quan·

267 2132 307 2193 do
330 2150 371 2193 oa
390 2131 517 2191 interius
544 2130 797 2194 examinabimus.
842 2132 966 2193 Interim
993 2130 1032 2189 do
1054 2130 1114 2192 hao
1134 2146 1187 2189 su·

267 2216 392 2277 toritata
423 2214 498 2275 satis
531 2216 573 2275 sit
608 2216 638 2275 in
668 2234 790 2278 summa
812 2215 937 2279 dietum.
980 2212 1072 2289 Quod
1094 2213 1120 2273 si
1142 2212 1190 2273 oui

267 2300 374 2361 slaves
397 2305 594 2377 arrogantur,
632 2298 704 2359 huic
736 2300 944 2361 necessarium
972 2314 1097 2377 quoquo
1118 2314 1188 2357 esso

269 2381 362 2446 fidem
384 2380 484 2458 Patri3
507 2381 589 2460 quod
611 2382 637 2442 si
659 2380 831 2446 fidosPetri
849 2382 1026 2444 necessaria
1041 2399 1117 2444 ,osse
1139 2399 1191 2440 uo·

268 2465 408 2546 gabitur,
440 2464 549 2526 eadam
586 2467 706 2528 ratione
734 2467 897 2546 negabitur
928 2473 959 2526 et
989 2465 1092 2526 atavos
1121 2481 1191 2526 esse

269 2550 299 2610 ai
321 2548 430 2625 datas,
454 2566 523 2608 oum
545 2553 707 2629 utrumque
728 2550 855 2629 copulet
876 2557 907 2610 ot
928 2549 1096 2628 exprimat,
1127 2547 1189 2606 imo

270 2630 364 2694 tidem
388 2632 495 2711 magis,
518 2638 549 2693 st
559 2633 659 2711 primo
674 2639 803 2712 quaerat
813 2631 960 2694 Christus.
1005 2629 1106 2704 Quare
1128 2646 1191 2690 non

269 2717 329 2776 nisi
350 2714 698 2777 deaooiesiaOhristum
721 2735 791 2776 asse
813 2715 949 2778 loouturn
971 2713 1054 2774 olnra
1076 2710 1192 2772 intolli-

267 2800 360 2880 gitur,
382 2796 501 2858 neoda
524 2817 585 2858 una
606 2799 725 2878 aliqua,
758 2798 814 2859 sed
836 2798 874 2862 de
897 2796 1034 2877 qualibet
1060 2796 1091 2855 in
1120 2812 1191 2872 qna-

270 2881 347 2945 libet
367 2885 456 2961 parts
478 2879 593 2944 muudi.

355 2962 510 3042 Soouudo,
532 2963 903 3028 adduoiturittuddohau.
926 2964 1051 3024 ultimo:
1074 2959 1192 3036 Simon,

271 3049 376 3129 diligis
399 3067 465 3123 ms,
496 3066 591 3126 pasoe
613 3067 688 3108 oves
710 3067 806 3108 meas.
849 3047 917 3110 Hoo
938 3046 1037 3122 enim,
1059 3044 1131 3123 quia
1151 3041 1192 3102 ad

270 3132 371 3192 solum
396 3129 518 3190 Petrum
539 3130 653 3192 diotum
676 3136 816 3211 putatur,
848 3131 947 3210 ipsum
970 3146 1063 3207 super
1084 3144 1193 3188 omnus

271 3216 473 3276 coustitutum
493 3213 689 3277 arbitrantur.
733 3215 858 3292 Verum,
880 3211 964 3292 quod
978 3210 1098 3273 athaes
1119 3208 1192 3270 nihil

271 3297 405 3374 afficiat,
435 3296 600 3366 ostendo„
620 3297 739 3375 Primo,
760 3299 833 3377 quia
854 3296 1067 3358 certissimum
1079 3299 1142 3369 ert,
1175 3312 1194 3354 a

272 3382 364 3443 Patro
395 3378 511 3440 nullum
546 3379 758 3460 apostolorum
794 3400 863 3442 essa
896 3379 946 3440 vel
982 3382 1117 3439 ornatum
1146 3375 1194 3436 vel

274 3466 409 3526 missum.
453 3460 556 3538 Quare
572 3483 631 3527 nso
642 3481 759 3542 verum,
783 3483 842 3530 neo
852 3461 1001 3543 possibile
1023 3466 1080 3538 ost,
1103 3457 1194 3520 Petro

274 3566 384 3608 ornnes
399 3565 475 3608 oves
490 3565 560 3608 esse
573 3547 763 3610 commissas.
808 3546 868 3608 Sed
880 3543 1020 3626 generati
1041 3543 1196 3604 sententia

190 3672 196 3684 ι
275 3631 418 3692 omnibus
439 3627 572 3691 dictum:
594 3630 781 3692 Pasoooves
796 3649 891 3692 meas.
934 3627 1004 3689 Non
1028 3625 1195 3691 auimdioit

267 3733 395 3783 lomnes,
417 3711 547 3774 sioutad
560 3732 668 3774 omues
683 3713 844 3793 apostolos
866 3712 956 3774 dicit:
979 3711 1023 3772 lte
1036 3712 1068 3770 in
1087 3707 1194 3772 orbem

277 3799 468 3871 uuiversum,
492 3803 524 3856 et
546 3795 656 3857 docete
679 3814 787 3859 omnes
808 3802 927 3876 gentes.

359 3867 491 3956 Ver'um,
513 3897 572 3959 ego
595 3899 658 3940 non
681 3898 808 3958 possum
833 3880 909 3940 satis
931 3876 1089 3952 admirari,
1112 3869 1195 3950 quod

313 4070 341 4136 1)
359 4070 392 4126 ln
411 4067 477 4124 adit.
495 4068 604 4137 priora:
621 4071 717 4120 utrum
735 4066 838 4135 diguus
857 4067 901 4122 sit.
